3232 4856
681 240 900 296 ,47-

229 412 401 476 Acschines
426 413 501 476 facit
524 410 579 489 ΙΙΙ,
606 418 659 476 13;
684 410 759 486 ἰ’σιος
783 411 817 474 δὲ
840 414 894 474 καὶ
917 411 1082 493 δαιμονίοο
1107 411 1191 488 τινὸς
1214 411 1352 496 ἐξαμαρ-

229 519 334 583 νοίνειν
362 515 484 604 (ate-tv:
509 519 557 602 B).
597 522 828 603 προαγομένου.
875 517 987 602 ltaque
1016 523 1121 584 actum
1151 521 1188 583 de
1210 520 1352 602 rhetoris

229 628 285 690 illc
310 627 464 690 vocabulo
489 630 520 690 et
542 625 744 690 iudicandum
769 649 840 690 eum
864 632 918 690 aut
941 627 1159 712 neglegentiae
1184 627 1352 692 indulsisse

230 739 284 798 aut
306 734 468 798 vocabulis
492 756 574 817 quae
598 734 788 797 antecedunt
810 744 881 808 ταῖς
904 737 1068 816 μεγίσταις
1092 725 1271 820 συμφοραῖς
1296 732 1352 797 σί·-

229 839 303 916 ναός
330 841 624 926 περιπεπτωκότας
653 845 847 905 commotum
872 841 1007 905 cratoris
1031 842 1128 904 verba
1155 843 1351 925 pervertisse.

317 948 430 1032 Neque
458 949 571 1012 desunt
599 948 751 1011 eiusmodi
774 947 837 1011 loci
865 947 898 1011 in
926 948 1026 1012 altera
1054 949 1210 1012 oratione:
1235 948 1278 1027 ΙΙ,
1309 956 1349 1014 88

230 1056 401 1120 Aeschines
429 1055 527 1119 habet
554 1055 779 1139 καθαρεύοντα
808 1054 853 1138 τη]
881 1055 1021 1135 σώματα·
1040 1056 1220 1119 Alexander
1243 1057 1353 1120 rhetor

182 1179 183 1182 ’
229 1161 376 1246 καθαρὸν
399 1159 435 1225 τό
460 1161 561 1242 σῶμα,
586 1161 698 1225 Theon
721 1183 779 1244 pro
801 1161 846 1245 τῴ
862 1162 987 1242 σιόμαιι
1010 1166 1140 1245 propter
1154 1162 1353 1245 insequentia

228 1271 324 1333 verba
346 1268 421 1354 μηδ’
448 1266 526 1332 ὅθεν
549 1267 606 1353 την
630 1266 736 1354 φωνην
760 1267 890 1354 όφίησιν
913 1269 1022 1334 scribit
1045 1267 1081 1333 ιδ
1107 1269 1209 1351 στόμα
1234 1274 1264 1334 et
1293 1293 1351 1354 pro

229 1377 296 1460 ipso
312 1377 373 1440 hoc
389 1373 518 1462 ἀφίησιν
533 1377 689 1440 vocabulo
703 1377 855 1460 προΐεται
873 1399 910 1439 ex
926 1376 967 1453 H,
984 1383 1024 1440 23
1042 1383 1209 1460 sumptum.
1244 1400 1290 1460 pr.
1310 1384 1350 1441 70

229 1485 341 1548 Suidas
374 1483 471 1547 tradit
503 1483 538 1546 δέ
568 1505 626 1567 pro
660 1485 721 1568 γόρ
750 1487 782 1546 et
812 1506 858 1566 pr.
890 1490 952 1547 163
985 1484 1067 1548 idem
1098 1509 1169 1549 cum
1198 1485 1289 1548 Phot.
1320 1492 1352 1548 et
1405 1495 1407 1505 ¹

229 1592 358 1656 Bachm.
382 1593 442 1655 lex.
466 1596 592 1655 auctore
610 1588 711 1676 όρδης
735 1589 770 1653 δέ
791 1613 849 1673 pro
868 1575 1002 1655 oratoris
1024 1589 1052 1654 εί
1075 1591 1107 1654 δὲ
1133 1589 1243 1676 ὀρθῆς,
1270 1616 1352 1675 quae

229 1703 362 1783 utraque
385 1698 605 1782 lexicographi
630 1687 843 1762 videturesse
866 1699 999 1763 mutatio
1024 1699 1078 1782 qui
1101 1699 1197 1762 verba
1221 1722 1258 1762 ex
1280 1721 1350 1762 ora·

229 1806 314 1870 tione
342 1806 440 1869 allata
468 1827 538 1868 cum
567 1805 606 1868 iis
635 1805 690 1888 qui
721 1806 913 1886 praecedunt
941 1827 997 1869 sua
1030 1805 1152 1869 ratione
1181 1806 1351 1870 coniunxit.

228 1936 273 1994 pr.
300 1918 362 1976 180
386 1913 419 1976 in
442 1911 583 1976 Thomas
608 1912 692 1996 Mag.
716 1913 817 1976 lexico
842 1933 922 1994 pone
945 1913 1137 1998 λογογράφῳ
1160 1913 1350 1977 vocabulum

230 2021 335 2084 addita
363 2024 411 2084 est
437 2042 500 2083 vox
532 2019 612 2104 ιηλδε
642 2042 721 2103 quae
750 2021 837 2083 deest
869 2021 902 2082 in
931 2020 1097 2084 Aeschinis
1130 2020 1233 2098 libris,
1266 2026 1350 2084 recte

230 2127 364 2209 quidem,
387 2150 460 2190 nam
484 2127 699 2220 devindustria
722 2133 829 2192 orator
850 2128 929 2190 dixit
952 2129 1055 2191 solum
1081 2128 1124 2212 ιη]
1147 2127 1349 2213 λογογρόφφ,

229 2238 264 2296 ut
286 2257 384 2297 unum
407 2234 657 2298 Demosthenem
680 2234 874 2318 significaret
890 2234 1024 2297 Athenis
1049 2257 1115 2298 esse
1138 2234 1199 2298 isto
1223 2234 1352 2298 nomine
1446 2231 1451 2234 ’

228 2341 276 2404 vel
301 2341 436 2404 maxime
460 2337 599 2425 dignum.
632 2339 672 2418 H,
698 2347 738 2404 84
763 2341 794 2403 in
820 2340 986 2405 Aeschinis
1010 2341 1170 2405 codicibus
1199 2341 1350 2404 traditum

229 2453 275 2510 est
303 2446 372 2510 οίδὲ
402 2448 584 2531 γιγνώσκειν
612 2446 675 2509 τῶν
703 2447 920 2532 σομμαχ(ι)ιῦν
947 2446 1022 2522 γοδς
1050 2452 1350 2532 οσνεφαπνομείὀας

228 2551 333 2638 ὥσπερ
361 2552 393 2619 ἐν
420 2567 486 2630 τοῖς
514 2553 680 2617 σπένδουσι
709 2553 771 2616 τῶν
799 2554 902 2640 ἱερῶν,
932 2577 1003 2618 cum
1027 2555 1170 2638 Apostol.
1195 2560 1227 2618 et
1250 2556 1348 2619 schol.

228 2661 261 2724 in
284 2660 413 2725 Aristid.
439 2659 546 2746 ὥσπερ
570 2683 680 2725 vocem
704 2667 777 2725 unte
801 2659 875 2736 νοός
898 2666 1198 2747 σονεφαπαομίνσνς
1221 2667 1350 2746 ponant.

227 2767 384 2832 Utrumne
399 2769 498 2854 igitur
513 2773 642 2834 verum?
676 2769 749 2834 Sine
766 2769 901 2833 dubiol
877 2792 888 2831 1
889 2770 957 2833 llud
973 2769 1126 2846 codicum
1133 2771 1227 2941 tquod
1244 2771 1350 2834 sensui

227 2876 289 2940 loci
322 2878 499 2958 respondet.
546 2878 690 2960 Apostol.
725 2877 857 2941 enimc
841 2877 1004 2942 etSchol.
1037 2883 1146 2941 nont
1148 2882 1235 2942 otum
1267 2879 1351 2941 hunc

227 2983 377 3048 orationis
401 2984 506 3047 locum
530 2985 584 3046 sed
607 2984 760 3047 nonnulla
784 2988 1007 3067 excerpserunt
993 2984 1135 3050 tverba.
1367 2974 1370 2980 ¹

317 3090 424 3174 Longe
432 3091 570 3174 plurima
579 3113 654 3153 vero
665 3095 796 3174 atque
777 3091 1155 3175 oravissimaneglegent
1147 3113 1195 3154 rue
1206 3092 1351 3174 exempla
1417 3091 1420 3098 ’

227 3197 465 3261 inveniuntur
456 3221 489 3260 m
517 3197 590 3261 tert
581 3221 612 3260 ra
641 3200 711 3260 orat
712 3198 794 3261 ione:
822 3196 882 3276 ΙΙΙ
909 3204 948 3261 16
973 3199 1085 3262 Aesch.
1116 3204 1147 3262 et
1134 3199 1351 3262 tAlexander

227 3302 431 3389 habent-xci]
455 3303 593 3380 διδόναι
625 3303 710 3369 θεαί)
740 3303 861 3368 διδόναι
891 3305 958 3390 χρή.
1002 3310 1050 3368 77
1080 3305 1213 3387 Sopater
1241 3306 1350 3369 rhetor

226 3432 284 3494 pro
312 3410 425 3474 Aesch.
459 3416 489 3476 et
517 3411 600 3476 Plut.
635 3412 855 3496 παρε(η)νόμει
885 3418 916 3476 et
947 3410 1004 3496 την
1035 3413 1133 3497 μόνην
1163 3409 1179 3474 ό
1212 3410 1350 3487 δείλαιος

228 3516 324 3581 habet
348 3518 567 3603 παρενόμησεν
590 3523 622 3581 et
646 3515 663 3581 δ
687 3517 825 3592 δείλαιος
848 3516 904 3603 την
931 3519 1038 3603 μόνην.
1073 3542 1119 3602 pr.
1145 3525 1217 3583 133.
1241 3516 1351 3581 Ἑλλό-

226 3624 292 3700 δοςε
313 3625 426 3690 Aesch.
444 3627 552 3707 Apsin.
571 3627 711 3691 Demetr.
728 3625 818 3691 Phot.
836 3626 911 3692 bibl.
928 3625 1090 3690 Herodian
1108 3633 1180 3690 603.
1212 3626 1351 3702 πόλεωςε

183 3783 184 3787 ,
226 3731 388 3795 Herodian
414 3738 475 3795 598
501 3737 532 3796 et
556 3729 773 3818 όνηρπασιαιε
798 3734 911 3798 Aesch.
935 3733 1045 3816 Apsin.
1069 3734 1208 3798 Demetr.
1232 3731 1350 3796 Herod.

228 3843 301 3916 598,
329 3835 537 3924 όνηρπόσδηε
566 3840 680 3903 Herod.
711 3845 784 3902 603.
824 3836 1009 3924 ηφόνισιαιε
1042 3839 1135 3904 Phot.
1164 3840 1240 3903 bibl.
1272 3844 1352 3902 147:

226 3945 390 4029 δημοσίαςε
423 3946 537 4011 Aesch.
567 3945 724 4011 Gnomoll.
759 3947 842 4028 apud
872 3944 966 4010 Orell.
1001 3950 1032 4008 et
1065 3946 1163 4010 Boiss.
1195 3946 1351 4029 μεγάλαςι

227 4051 313 4118 Stcb.
338 4076 383 4136 pr.
403 4058 478 4117 166:
502 4051 603 4138 μιαρὰ
628 4053 681 4116 καὶ
705 4050 859 4116 α’πίδανα
883 4051 1023 4139 ῥηματαε
1048 4052 1162 4116 Aesch.
1179 4052 1351 4116 Herodian.

226 4158 326 4224 όπίίί.
357 4161 429 4247 ῥημ.
455 4164 508 4224 καὶ
535 4162 652 4247 μιαρός
682 4162 794 4226 Alcxd.
819 4169 893 4225 432.
926 4158 1025 4224 όπίδ.
1051 4162 1104 4224 καὶ
1132 4159 1232 4246 μιαρὰ
1263 4160 1351 4246 ῥημι

230 4267 340 4331 Alcxd.
369 4274 431 4330 458
457 4273 489 4331 et
515 4266 745 4352 όποτότμηταιε
770 4268 883 4332 Aesch.
907 4269 1000 4332 Dion.
1025 4268 1097 4334 Hal.
1124 4265 1351 4352 δποβόβληταιε
