3232 4856
702 245 923 322 L-pq,

252 425 331 488 duae
354 423 515 488 fluxerunt
537 424 732 488 recensiones
757 446 889 507 quarum
914 416 1014 487 altera
1037 424 1114 487 satis
1138 428 1283 487 accurate
1306 445 1375 486 ora-

252 531 331 595 toris
354 532 451 595 verba
474 531 613 609 retinuit,
637 531 736 594 altera
760 531 979 608 inaccuratius,
1002 551 1059 593 nec
1081 530 1185 593 minus
1201 531 1374 614 neglegens

255 639 481 722 grammaticus
504 638 556 728 hic
571 639 696 703 videtur
722 638 820 702 fuisse
843 660 939 721 quam
963 631 1120 714 rhetores,
1148 638 1203 720 qui
1226 642 1274 701 tot
1296 637 1376 701 locis

252 745 386 810 oratoris
409 746 506 810 verba
528 728 775 809 immutaverunt
800 748 830 808 et
846 749 1060 826 corruperunt.
1101 744 1265 808 Consentit
1280 745 1377 828 igitur

251 857 385 936 utraque
408 853 548 918 recensio
572 854 611 916 iis
635 852 822 935 corruptelis
846 874 926 935 quae
943 852 983 915 ad
1000 851 1104 934 ipsum
1120 853 1253 915 redeunt
1269 852 1376 915 arche-

251 959 400 1045 typum‚1)
430 960 587 1043 discrepat
614 961 667 1037 iis,
696 981 776 1043 quae
804 959 1020 1044 grammaticis
1049 960 1214 1038 debentur,
1244 960 1299 1043 qui
1327 981 1375 1022 rc-

253 1067 449 1150 oognitiones
474 1067 683 1130 confecerunt.
723 1065 887 1142 Quodcum
903 1066 1068 1148 utriusque
1088 1065 1279 1130 recensionis
1302 1065 1377 1129 libri

254 1173 368 1236 iterum
392 1177 487 1255 atque
511 1173 626 1236 itemm
649 1172 816 1236 videantur
839 1172 987 1255 descripti
1011 1171 1079 1236 esse'
1105 1194 1206 1255 usque
1229 1172 1269 1235 ad
1292 1176 1377 1236 aeta

252 1284 317 1342 tem
341 1282 522 1342 nostrorum
545 1279 696 1356 codicum,
721 1283 853 1362 apparet
875 1278 1077 1342 librariorum
1093 1279 1253 1342 erroribus
1269 1278 1377 1362 negle-

253 1386 361 1470 gentia
383 1385 515 1449 libidine
537 1385 710 1468 permultas
733 1385 885 1450 invasisse
902 1385 1099 1468 corruptelas
1122 1385 1249 1468 utrique
1271 1407 1378 1448 recen·

255 1493 336 1556 sioni
359 1492 513 1576 proprias,
537 1493 575 1556 de
592 1493 707 1576 quibus
722 1497 843 1556 rectum
860 1491 963 1556 ¹facies
979 1492 1139 1570 iudicium,
1163 1493 1190 1556 si
1204 1492 1379 1574 inspexeris

254 1606 447 1684 quantopere
463 1600 547 1665 inter
562 1623 595 1663 se
611 1599 758 1663 differant
774 1599 893 1684 singuli
916 1599 1000 1677 libri,
1024 1622 1062 1663 ex
1078 1600 1193 1682 quibus
1209 1604 1378 1682 utrumque

256 1709 399 1772 codicum
422 1729 522 1792 genus
547 1712 593 1771 est
617 1707 837 1791 compositum.
876 1707 1012 1771 Videtur
1031 1706 1130 1790 igitur
1145 1706 1379 1770 recensionibus

254 1816 300 1879 ita
327 1815 479 1880 utendum
507 1837 574 1878 esse
602 1820 638 1878 ut
667 1816 843 1892 meliorem,
876 1837 957 1897 quae
985 1815 1018 1878 in
1047 1814 1150 1897 prima
1179 1813 1321 1878 oratione
1350 1817 1381 1877 et
1436 1829 1440 1832 ·

256 1923 355 1985 altera
378 1921 413 1997 B,
437 1921 471 1984 in
494 1922 589 1985 tertia
609 1921 638 1984 A
661 1921 756 1985 litera
772 1925 819 1985 est
835 1921 1023 2004 significata,
1047 1942 1216 2004 sequamur
1233 1920 1380 1984 omnibus

255 2028 293 2092 iis
317 2028 394 2092 locis
420 2028 534 2111 quibus
557 2029 646 2092 nulla
669 2051 703 2092 re
727 2029 870 2112 cogimur
893 2032 1005 2111 putare
1033 2029 1202 2092 lectionem
1230 2028 1381 2091 traditam

254 2134 356 2198 redire
380 2135 418 2197 ad
443 2134 564 2198 librarii
581 2135 646 2198 sive
664 2157 802 2199 errorem
818 2135 883 2198 sive
909 2134 1060 2199 laborem.
1099 2134 1170 2198 Hoc
1186 2134 1242 2197 ubi
1258 2133 1380 2212 accidit,

254 2241 448 2324 inspicienda
472 2243 572 2305 altera
594 2241 734 2305 recensio
758 2241 990 2324 videndumque
1015 2265 1055 2305 an
1081 2241 1115 2305 in
1140 2264 1176 2305 ea
1199 2263 1310 2305 verum
1338 2241 1380 2304 sit

255 2352 423 2413 servatum.
461 2348 528 2412 Ubi
542 2371 618 2412 vero
642 2349 720 2412 haec
745 2370 871 2432 quoque
894 2371 952 2413 nos
970 2349 1168 2432 derelinquit,
1193 2349 1238 2411 ibi
1255 2349 1380 2412 demum

255 2454 503 2540 confugiendum
528 2456 566 2519 ad
590 2455 813 2520 coniecturam.

256 2627 432 2700 δεξιούμενος
451 2633 499 2685 καί
516 2631 633 2696 omittit;
655 2663 688 2671 -
708 2632 832 2694 alteram,
856 2648 1016 2700 quanquam
1035 2649 1089 2699 quo
1113 2634 1238 2700 tempore
1256 2634 1325 2684 nata
1344 2629 1381 2684 sit

255 2721 325 2775 certi
348 2720 418 2775 nihil
442 2723 563 2790 constat,
592 2723 701 2786 tamen,
725 2721 791 2789 quia
815 2722 843 2774 ct
866 2737 899 2773 ex
922 2720 983 2789 ipso
1007 2719 1170 2789 archetypo,
1195 2737 1251 2774 non
1274 2737 1308 2773 ex
1330 2717 1381 2772 illa

255 2809 365 2863 videtur
383 2811 491 2864 fluxisse
509 2809 681 2879 recensione,
706 2827 777 2877 quae
799 2827 841 2862 res
861 2810 960 2863 eodem
978 2808 1027 2863 illo
1046 2808 1182 2862 Prisciani
1206 2809 1266 2863 loco
1286 2808 1380 2862 confir·

256 2900 355 2968 matur,
369 2917 458 2966 neque
469 2898 668 2968 posterioribus
681 2898 852 2968 temporibus
865 2897 986 2966 vestigia
999 2897 1085 2967 ipsius
1098 2898 1243 2968 archetypi
1255 2915 1381 2966 unquam

256 2985 448 3056 inveniuntur,
472 2987 621 3042 verisimile
641 2990 682 3041 est
700 3004 757 3041 non
775 2986 816 3040 ita
834 2986 923 3040 multo
948 2989 1013 3056 post
1036 3004 1093 3041 esse
1112 2987 1276 3042 confectam.
1308 2985 1381 3040 redit

257 3080 352 3132 autem
376 3075 504 3146 fortasse,
529 3076 595 3144 quia
617 3076 743 3147 plurimis
767 3075 869 3130 referta
895 3079 937 3130 est
956 3080 985 3130 et
1004 3076 1141 3132 erroribus
1161 3081 1190 3130 et
1208 3075 1379 3145 corruptelis,

257 3167 352 3235 quales
372 3165 402 3219 in
420 3153 562 3220 rhetorum
581 3165 691 3236 scriptis
710 3165 829 3221 maxime
849 3169 998 3235 apparent,
1023 3167 1059 3219 ad
1077 3165 1221 3235 archetypi
1240 3164 1381 3234 exemplar

258 3255 288 3309 in
306 3257 448 3311 rhetorum
466 3255 566 3311 scholis
586 3257 778 3327 depravatum.

347 3348 373 3416 1)
392 3347 536 3402 Accedunt
559 3346 686 3400 nonnulli
709 3346 763 3400 loci
783 3345 830 3415 qui
850 3363 883 3400 ex
906 3344 1018 3400 scholiis
1041 3344 1071 3398 in
1094 3349 1241 3411 utramque
1264 3343 1379 3397 recensi·

258 3452 338 3488 onem
361 3435 492 3490 ridentur
514 3435 660 3504 invasisse,
689 3437 764 3489 velut
788 3431 909 3489 ἐνώπιον
932 3435 1004 3488 illud
1027 3433 1057 3486 in
1081 3433 1209 3487 omnibus
1237 3432 1379 3500 utriusque

256 3522 452 3590 recognitionis
472 3521 549 3575 libris
568 3522 705 3576 traditum
723 3540 773 3590 pro
792 3519 927 3577 ἐναντίον.

733 3830 738 3831 f
774 3805 874 3860 ass--
