3232 4856
690 297 910 354 -57-.

237 468 333 532 habet
361 466 552 532 Μακεδόνων
584 467 618 531 δὲ
646 466 706 546 ούχ
738 464 955 549 ὁμονοούντων
983 489 1055 530 cum
1079 460 1115 530 in
1143 467 1174 530 A
1201 467 1300 530 classe
1328 465 1364 529 δέ

238 576 395 660 particula
419 576 512 654 desit,
540 597 603 658 qua
625 575 742 639 omissa
764 575 868 638 verbis
892 572 1059 660 εἰληφότος
1087 573 1121 638 δὲ
1143 571 1362 655 Ἀνθεμοῦντα

238 684 292 746 καὶ
322 686 445 768 θέρμαν
472 683 525 745 καὶ
554 687 702 768 Στρέψαν
733 683 787 746 καὶ
815 677 898 745 ἄλλα
926 677 1009 744 ἅττα
1042 685 1141 766 χωρία
1171 680 1363 744 Μακεδόνων

238 787 297 868 ούχ
318 786 537 871 ὁμονοούντων
553 785 636 853 ἀλλὰ
651 788 714 852 τῶν
729 790 886 852 πλείστων
900 787 942 851 τὰ
960 772 1140 851 Παοσανίοο
1161 789 1362 874 φρονούντων

238 919 335 960 unum
358 897 555 982 significatur
579 900 809 981 argumentum,
833 896 878 959 ita
894 895 1021 979 quidem
1043 900 1080 959 ut
1096 895 1287 959 Μακεδόνων
1303 892 1362 974 ούχ

239 1002 457 1086 ὁμονοούντων
481 1027 549 1088 sqq.
573 1003 676 1068 verbis
701 1004 854 1068 adiciatur
877 1025 972 1067 causa
995 1025 1049 1066 cur
1073 1003 1140 1066 fieri
1164 1003 1303 1085 potuerit
1326 1006 1363 1065 ut

238 1111 412 1176 Pausanias
443 1116 493 1176 tot
525 1112 595 1175 loca
625 1112 716 1196 regni
745 1115 954 1196 expugnaret,
987 1133 1050 1193 qua
1077 1111 1115 1173 de
1142 1132 1176 1173 re
1203 1109 1235 1174 A
1262 1130 1362 1195 gram.

238 1219 364 1283 videtur
379 1219 546 1302 cogitasse,
569 1223 680 1282 contra
695 1218 801 1282 addita
816 1217 873 1282 illa
896 1217 1052 1300 particula
1069 1216 1130 1280 duo
1153 1217 1251 1280 habes
1268 1237 1362 1301 argu-

238 1331 353 1403 menta,
376 1326 408 1388 id
433 1325 518 1408 quod
541 1330 573 1390 et
596 1347 689 1389 sensu
713 1326 962 1402 commendatur,
986 1310 1127 1387 cumulat
1150 1324 1232 1388 enim
1256 1328 1364 1388 orator

238 1433 298 1496 hoc
321 1433 393 1497 loco
409 1432 635 1518 propositionis
650 1433 801 1508 membra,
826 1436 857 1494 et
872 1431 980 1495 ordine
997 1431 1147 1509 colorum,
1167 1431 1263 1495 verba
1280 1431 1363 1495 enim

239 1538 430 1603 Μακεδόνων
458 1537 517 1618 adp
544 1535 632 1620 όμον.
658 1560 741 1622 sqq.,
767 1538 830 1601 nisi
857 1539 1020 1620 proprium
1048 1538 1188 1602 facerent
1212 1539 1363 1602 orationis

238 1646 421 1722 membrum,
446 1647 548 1711 multo
573 1646 678 1728 aptius
701 1651 775 1728 post
798 1645 966 1730 εἰληφότος
989 1643 1024 1706 δέ
1044 1649 1246 1727 ponerentur.

326 1776 373 1836 pr.
399 1759 471 1818 148.
495 1752 522 1817 B
546 1775 617 1817 cum
640 1752 761 1835 Apsine
788 1753 915 1816 rhetore
943 1752 1040 1815 habet
1064 1756 1293 1837 προφαίνεται,
1318 1752 1362 1816 Α;

177 1855 183 1859 ’
239 1861 373 1944 simplex
396 1860 526 1925 verbum
550 1864 708 1945 φαίνεται.
742 1859 936 1942 praepositio
960 1863 1066 1922 autem
1090 1859 1206 1922 omissa
1227 1863 1274 1922 est
1297 1859 1363 1923 for-

238 1971 322 2032 tasse
349 1973 516 2051 propterea
540 1967 624 2051 quod
653 1967 841 2030 antecedunt
865 1966 960 2029 verba
987 1964 1052 2050 πρὸ
1081 1965 1144 2028 των
1168 1963 1361 2050 ὀφθαλμῶν.

239 2097 284 2158 pr.
315 2080 377 2139 166
406 2075 439 2138 in
467 2073 494 2138 B
523 2079 554 2138 et
582 2075 666 2157 apud
690 2074 894 2157 Apostolium
922 2072 1073 2136 traditum
1102 2076 1150 2137 est
1173 2069 1210 2134 ού
1238 2070 1300 2157 γὰρ
1323 2071 1358 2135 δι’

239 2181 278 2266 τῇ
301 2203 336 2264 γε
359 2179 509 2266 α’ληθείφ,
535 2203 606 2245 cum
630 2181 664 2244 in
687 2180 717 2244 A
741 2181 841 2244 classe
865 2180 926 2265 μύρ
950 2179 1106 2262 particula
1129 2179 1220 2243 desit.

328 2288 420 2365 Quod
443 2288 469 2352 si
493 2287 656 2370 utriusque
679 2288 803 2372 generis
826 2287 915 2351 locos
937 2287 1021 2350 inter
1044 2309 1077 2350 se
1101 2286 1301 2364 conferimus,
1326 2309 1364 2349 ex

240 2396 339 2459 altera
361 2399 451 2479 parte
474 2394 626 2458 habemus
651 2395 730 2459 duos
752 2395 849 2472 locos,
874 2416 1008 2477 quorum
1031 2394 1119 2477 prior
1134 2393 1248 2457 nititur
1265 2392 1363 2457 solius

240 2501 381 2566 Thomas
413 2501 610 2580 testimoniO,
644 2501 737 2578 alter,
770 2523 952 2584 quanquam
980 2521 1088 2563 verum
1120 2500 1155 2563 in
1182 2501 1212 2565 A
1240 2500 1365 2564 videtur

240 2613 398 2674 servatum
428 2630 508 2686 esse,
541 2613 647 2672 tamen
675 2631 731 2690 per
759 2629 792 2670 se
819 2612 984 2691 suspectus
1013 2611 1073 2684 est,
1106 2608 1181 2690 quia
1209 2612 1240 2671 et
1267 2607 1365 2670 verba

239 2716 394 2780 nonnulla
416 2716 449 2779 in
473 2715 639 2781 Aeschinis
664 2715 824 2779 codicibus
847 2714 994 2778 videntur
1022 2715 1129 2778 addita
1153 2736 1232 2792 esse,
1260 2715 1306 2777 ita
1329 2717 1365 2777 ut

240 2824 290 2888 vel
313 2823 385 2886 inde
408 2823 435 2886 B
459 2823 582 2906 generis
607 2844 694 2886 error
716 2822 810 2887 facile
834 2822 986 2905 explicari
1007 2822 1118 2905 possit,
1142 2825 1173 2885 et
1196 2821 1279 2885 idem
1295 2842 1364 2884 ver-

239 2929 354 2995 borum
382 2929 472 2994 testis
501 2930 610 2994 eodem
640 2929 790 2994 orationis
819 2930 890 2994 loco
919 2929 969 2992 bis
997 2950 1068 2992 cum
1095 2929 1124 2993 B
1152 2949 1267 3012 genere
1290 2950 1364 2991 con-

241 3037 350 3111 sentit;
375 3058 412 3099 ex
437 3036 537 3099 altera
559 3041 650 3118 parte
674 3058 783 3099 omnes
806 3035 946 3118 reliquos
969 3057 1050 3117 quos
1074 3034 1239 3098 attulimus
1267 3033 1364 3096 habe-

240 3164 310 3206 mus
333 3142 434 3207 locos:
463 3164 560 3226 quare
583 3141 718 3205 maxime
741 3142 906 3230 probabile
928 3142 1052 3204 videtur
1075 3140 1152 3202 mihi
1177 3161 1258 3216 esse,
1288 3139 1366 3223 quin

242 3250 370 3314 alterius
386 3249 537 3313 orationis
561 3249 661 3312 libros
677 3248 704 3312 B
721 3246 895 3312 recensioni
917 3247 1114 3330 propinquos
1129 3250 1250 3310 veteres
1267 3247 1364 3330 scrip-

241 3362 326 3420 tores
343 3356 552 3420 adhibuerint.
591 3356 637 3419 At
660 3355 731 3432 loci,
755 3376 835 3438 quos
850 3353 1063 3430 tractavimus,
1087 3374 1204 3437 magna
1221 3356 1365 3434 exparte

242 3463 270 3526 ei
298 3467 372 3527 sunt
400 3463 514 3546 quibus
543 3460 623 3525 nihil
655 3462 721 3525 fere
753 3461 956 3525 tribuendum
984 3460 1025 3523 sit
1053 3459 1229 3543 dignitatis!
1274 3457 1366 3522 Nihil

242 3593 316 3633 sane
340 3574 423 3634 esset
445 3570 648 3634 tribuendum
671 3569 704 3633 in
732 3569 827 3632 tertia
850 3568 913 3652 (vel
940 3567 1056 3651 prima)
1080 3566 1237 3643 oratione,
1264 3565 1366 3629 multo

241 3677 313 3760 plus
345 3677 548 3741 tribuendum
575 3677 609 3740 in
637 3676 750 3754 altera,
782 3675 857 3759 quia
888 3675 951 3738 loci
978 3674 1040 3758 ipsi
1068 3696 1106 3738 ex
1134 3675 1194 3737 hac
1223 3673 1366 3737 oratione

242 3784 360 3868 prolati
382 3805 440 3847 nos
465 3785 589 3861 docent,
613 3783 782 3866 scriptores
805 3804 870 3845 non
892 3786 959 3844 tam
982 3783 1123 3864 ipsorum
1146 3780 1299 3844 memoria
1323 3817 1366 3828 —-

241 3891 273 3956 id
297 3892 382 3974 quod
407 3891 444 3954 de
472 3890 565 3954 tertia
589 3891 732 3954 oratione
756 3889 879 3973 saepius
908 3888 1086 3951 monuimus
1111 3925 1152 3933 -
1178 3909 1273 3970 quam
1297 3909 1366 3950 ora·

242 3999 321 4063 toris
349 3996 439 4061 libris
465 4019 540 4061 usos
563 3997 660 4061 verba
687 3996 862 4060 tradidisse.
901 3995 1007 4077 Respo
1030 3996 1083 4059 det
1109 3994 1210 4079 igitur
1238 3994 1367 4058 alterius

242 4105 394 4169 orationis
421 4103 449 4168 B
477 4104 589 4168 tertiae
616 4104 646 4168 A
674 4101 862 4179 recensioni,
896 4123 976 4184 quae
1004 4124 1054 4166 res
1081 4101 1159 4164 locis
1188 4100 1367 4164 orationum

242 4212 382 4296 ipsarum
412 4212 533 4276 videtur
558 4210 638 4274 mihi
667 4209 848 4273 confirmari
875 4208 993 4273 talibus
1022 4208 1124 4293 qualis
1153 4213 1200 4271 est
1228 4206 1273 4285 Il,
1304 4211 1365 4270 132

243 4319 386 4383 conlatus
410 4341 481 4382 cum
496 4317 553 4397 Ill,
572 4323 627 4394 77;
650 4317 787 4382 traditur
811 4316 893 4379 enim
916 4314 969 4378 hio
992 4316 1068 4400 πρὶν
1091 4313 1254 4398 πενθῆσαι
1278 4314 1311 4378 in
1331 4313 1368 4391 B,

1118 4417 1154 4471 5*
