3232 4856
714 191 935 248 ..63-

263 361 347 424 enim
370 362 598 448 vocabulorum
622 414 627 426 .
652 414 659 427 .
684 415 690 427 .
714 361 834 446 τεμήμε
857 367 923 425 tam
948 361 1066 425 similes
1089 362 1172 426 inter
1195 384 1228 426 se
1252 366 1327 444 sunt
1349 366 1386 425 ut

262 467 399 532 inversio
422 468 479 532 illa
502 469 652 533 facillime
677 470 716 533 ad
731 469 836 532 solum
859 469 982 533 librarii
998 491 1136 533 errorem
1159 470 1260 552 possit
1275 469 1387 534 redire.

262 575 312 652 Ex
339 575 452 639 tribus
470 575 533 640 iilis
556 577 794 660 epigrammatis
817 597 898 659 quae
921 574 1034 640 Aesch.
1064 576 1161 640 habet
1189 599 1235 660 pr.
1262 575 1385 663 184s85

262 682 450 774 Apostolius
478 682 569 747 affert
596 683 735 767 primum
758 686 790 747 et
812 683 960 760 alterum,
990 705 1124 766 quorum
1147 688 1316 766 utrumque
1339 683 1387 746 ita

262 789 355 853 nobis
382 789 534 853 traditum
563 794 610 854 est
636 793 673 853 ut
696 812 767 854 oum
789 788 820 854 A
847 791 942 873 plane
971 795 1136 876 congruat:
1164 790 1278 874 Apost.
1302 788 1386 852 enim

263 917 335 958 cum
361 896 392 960 A
419 896 516 960 habet
547 901 579 974 1,
609 901 641 960 1:
669 887 756 984 ἦσαν,
781 901 893 960 contra
913 896 954 960 B:
983 887 1019 981 ἦν
1043 896 1274 980 (inemptus),
1300 904 1328 974 2,
1354 902 1387 960 1:

262 998 347 1084 τογ’,
372 1001 400 1065 Β
425 1005 469 1088 (et
484 1002 596 1088 Plut.):
620 1000 705 1079 ταδ’,
732 1010 761 1082 2,
778 1011 811 1067 4:
835 1008 953 1088 χαίρων
976 1000 1063 1088 α’μφλ
1078 1005 1207 1085 ξυνοῖσι,
1232 1002 1271 1066 B:
1298 999 1387 1088 ἀμφὶ

195 1149 196 1152 =
263 1111 381 1188 ξυνοῖσι
405 1110 505 1193 (Plutt
534 1107 619 1195 ἀμφὶ
643 1111 717 1195 περὶ
740 1111 866 1194 ξυνοῖς).
913 1110 1030 1175 Contra
1053 1111 1081 1175 B
1105 1111 1238 1175 classem
1261 1114 1387 1174 secutus

263 1215 449 1298 Apostolius
465 1216 554 1280 nullo
570 1216 642 1280 loco
659 1217 698 1281 ab
714 1214 746 1280 A
761 1238 876 1301 genere
892 1217 1044 1282 dissentit.
1083 1216 1259 1281 Consensus
1279 1221 1387 1281 tamen

262 1323 317 1386 ille
340 1345 404 1386 non
427 1323 473 1387 ita
497 1324 669 1408 magnicat
691 1324 862 1401 faciendus,
886 1325 960 1407 quia
976 1324 1089 1408 Apost.
1107 1328 1138 1388 et
1153 1324 1388 1388 recentissimae

263 1434 311 1494 est
338 1431 451 1493 aetatis
480 1435 511 1494 et
538 1431 670 1505 oratoris
698 1432 796 1495 verba
824 1452 862 1494 ex
889 1431 958 1512 ipso
986 1430 1153 1508 Aeschinis
1182 1431 1290 1495 codice
1322 1452 1388 1495 non

263 1558 301 1600 ex
325 1537 539 1622 gnomologiis
563 1538 702 1622 antiquis
724 1539 849 1602 videtur
873 1539 1110 1621 deprompsisse.

352 1642 472 1719 Quodsi
494 1644 772 1729 gnomologiorum
796 1646 883 1708 locos
904 1667 943 1708 ex
958 1645 1116 1709 Aeschine
1138 1645 1280 1728 prolatos
1303 1644 1389 1708 inter

263 1773 296 1814 se
324 1773 554 1835 comparamus,
586 1751 741 1815 habemus
770 1774 808 1815 ex
836 1752 938 1817 altera
969 1755 1060 1836 parte
1086 1756 1151 1816 tres
1181 1751 1236 1835 qui
1263 1751 1387 1815 minimi

261 1862 336 1921 sunt
358 1859 460 1940 pretii,
483 1859 589 1942 priore
613 1859 696 1922 enim
721 1863 752 1923 et
768 1860 868 1923 altero
884 1859 981 1923 verba
997 1859 1153 1942 simplicia
1175 1859 1292 1924 tradita
1313 1861 1388 1922 sunt

262 1987 319 2047 pro
337 1966 533 2049 compositis,
556 1966 651 2030 tertio
675 1970 732 2048 μέν
755 1989 817 2031 vox
841 1966 966 2044 omissa,
990 1967 1075 2050 quod
1099 1988 1203 2030 errore
1227 1967 1296 2030 solo
1320 1965 1386 2029 fac-

261 2076 331 2136 tum
355 2095 421 2137 esse
448 2074 536 2137 locus
559 2073 627 2159 ipse
650 2095 708 2137 nos
732 2075 837 2152 docet,
866 2096 903 2137 ex
927 2074 1027 2138 altera
1050 2078 1139 2157 parte
1163 2077 1288 2157 praesto
1313 2077 1389 2136 sunt

262 2179 325 2242 loci
353 2179 542 2262 gravissimi,
576 2169 611 2242 εὖ
640 2179 795 2258 additum,
823 2179 947 2266 σφόδρα
977 2186 1008 2245 et
1036 2181 1203 2256 πολιτείας
1231 2179 1388 2245 vocabula

263 2288 386 2348 mutata
408 2285 442 2348 in
463 2287 604 2366 μάλιστα
622 2277 659 2350 et
674 2288 814 2362 πόλειοςε
837 2287 944 2371 itaque
961 2287 1082 2371 optimo
1099 2287 1298 2351 censebimus
1319 2287 1388 2350 iure

262 2391 407 2456 locorum
429 2391 558 2456 illorum
573 2395 606 2457 in
629 2393 792 2478 florilegiis
816 2395 1015 2478 prolatorum
1031 2395 1096 2458 sive
1112 2418 1194 2459 uuus
1211 2399 1258 2458 est
1274 2397 1389 2458 auctor

263 2500 328 2563 sive
350 2501 458 2583 plures
481 2501 661 2578 adhibuisse
685 2503 806 2573 codices
830 2503 869 2566 ad
892 2501 1029 2584 Aquod
1052 2502 1143 2566 nobis
1160 2505 1263 2566 exstat
1286 2522 1388 2585 genus

262 2605 406 2690 proxime
430 2608 621 2672 accedentes.

330 2703 418 2778 'Alii
434 2713 675 2798 Ctesiphonteae
698 2716 760 2779 loci
781 2715 894 2800 quide
915 2715 1056 2778 codicum
1079 2715 1248 2799 generibus
1269 2715 1389 2778 artiora

262 2841 320 2884 nos
349 2821 482 2885 doceant
510 2815 635 2901 desunt}
663 2823 771 2906 itaque
797 2822 861 2886 iam
884 2821 1050 2886 videamus
1075 2826 1178 2886 utram
1207 2823 1340 2886 classem
1364 2821 1387 2884 ii

264 2950 343 3010 quos
366 2928 557 3013 protulimus
577 2929 668 2992 nobis
685 2933 938 2996 commonstrent.
977 2929 1058 2996 Sunt
1078 2930 1205 3012 quidem
1220 2929 1389 3012 utriusque

263 3035 362 3117 partis
391 3036 498 3118 copiae
527 3058 606 3119 quas
635 3058 697 3119 quo
726 3036 840 3100 certius
872 3042 944 3100 utra
978 3037 1018 3100 sit
1051 3037 1193 3121 superior
1227 3040 1386 3120 appareat,

262 3141 378 3204 iterum
410 3141 492 3205 inter
524 3164 557 3204 se
589 3164 794 3226 opponamus.
849 3144 978 3228 Pugnat
1016 3148 1121 3206 autem
1153 3143 1180 3208 B
1213 3147 1324 3206 contra
1356 3142 1387 3206 A

263 3269 363 3332 genus
387 3249 437 3312 his
460 3249 551 3313 locis:
574 3272 620 3332 pr.
639 3255 656 3312 9
681 3249 708 3314 B
733 3273 804 3314 cum
827 3251 1011 3315 Marcessino
1035 3251 1132 3314 habet
1154 3247 1214 3326 τὰς
1236 3254 1388 3333 μεγίστας

263 3353 365 3441 α’ρχιίς
393 3377 464 3419 oum
491 3356 525 3419 in
549 3356 579 3420 A
608 3356 760 3439 scriptum
787 3357 950 3422 videamus
979 3361 1130 3440 μεγίστας
1158 3353 1260 3442 ἀρχὰς
1287 3353 1320 3420 ἐν
1347 3355 1388 3439 τῇ

263 3462 369 3538 πόλει,
395 3469 446 3530 11.
469 3463 506 3528 B.
530 3463 684 3528 Mamali:
708 3459 968 3548 ἀπαγορεύοντα,
992 3465 1045 3529 A.:
1069 3462 1310 3548 διαγορεύοντα,
1336 3447 1409 3528 25]

263 3568 300 3634 B.
317 3569 420 3634 Schol.
444 3571 478 3634 in
497 3570 624 3637 Aesch:
649 3567 877 3656 ἀντιγραφέως,
902 3572 954 3636 Α.;
978 3575 1136 3656 γραφέας.
1180 3576 1228 3635 77.
1245 3571 1272 3634 Β
1287 3570 1388 3635 Pluu:

263 3680 348 3761 ττρίν.
387 3676 439 3742 A.:
468 3679 545 3761 πρὶν
572 3672 600 3762 ἥ.
640 3685 690 3742 99.
719 3677 745 3741 Β
774 3677 876 3743 scobs
910 3677 1096 3763 διαφθείρει
1121 3676 1300 3763 (διαφέρει)
1334 3676 1389 3742 A:

264 3787 403 3868 φθείρει.
438 3789 515 3848 180:
538 3783 684 3848 Bstob.:
708 3782 914 3868 ἐκλογίσασθε
932 3789 962 3848 et
978 3782 1033 3848 ἐὰν
1048 3789 1114 3866 μέν.
1144 3782 1197 3848 Α.;
1213 3784 1387 3867 λογίσασθε

264 3894 295 3954 et
322 3887 387 3953 ἐάν.
426 3897 512 3955 202.;
541 3891 582 3968 Β,
610 3890 740 3975 Dionys.
770 3891 888 3968 Halic,
917 3892 1112 3969 Alexander,
1145 3891 1298 3955 Demetr.:
1331 3889 1391 3976 τὴν

263 3995 487 4082 δημοκρατίαν.
521 3997 590 4082 triv:
614 4019 674 4063 om.
697 3998 737 4062 A.
760 3996 788 4060 εἰ
811 3998 945 4062 καλέοισι
974 3997 1010 4063 Β.
1033 3997 1106 4062 Joh.
1131 3999 1222 4062 Dam.
1246 3996 1274 4061 εἰ
1297 3999 1388 4061 καλέ-

264 4124 339 4179 osec:
369 4103 407 4168 A.
438 4111 510 4170 229.
539 4104 673 4168 τούτιονε
706 4104 742 4170 B.
770 4104 862 4168 Dion.
891 4104 963 4170 Hal.
991 4105 1114 4168 codron
1141 4104 1218 4169 τῶνε
1246 4109 1285 4170 A.
1315 4111 1388 4170 252.

265 4206 352 4293 αὐτῷ
381 4209 414 4273 αἱ,
445 4211 564 4296 φῆφοιε
593 4211 630 4276 Β.
653 4211 808 4294 Harpocr.
832 4210 865 4273 αἱ
891 4210 997 4296 ψῆφοι
1021 4209 1124 4295 odiri:
1152 4212 1191 4276 A.
1217 4212 1336 4289 Quibus
1360 4210 1390 4273 B
