3232 4856
700 250 922 308 ,57-

248 444 321 486 cum
347 422 377 487 A
406 443 521 508 genere
549 421 809 487 consentientem.
853 421 967 506 Neque
996 405 1169 506 quidquam
1196 420 1249 486 hic
1276 420 1376 485 refert

249 550 400 593 verumne
426 529 488 594 hoc
516 529 558 594 sit
586 553 627 594 an
654 529 735 593 illud
762 551 803 594 an
830 539 990 607 neutrum,
1017 551 1093 592 nam
1119 551 1159 593 ne
1187 529 1229 593 sit
1255 549 1376 606 verum,

249 641 356 700 tamen
379 640 503 700 constat
526 637 559 700 in
582 657 618 701 eo
643 635 778 701 oratoris
801 635 884 708 libro
908 658 1003 720 quem
1024 635 1149 701 Plinius
1172 635 1284 701 habuit
1308 640 1373 700 tra·

249 742 351 808 ditum
372 741 470 806 fuisse
493 742 694 828 παρανόμου,
718 763 783 806 non
806 741 903 806 fuisse
919 741 1112 829 πράγματος
1127 739 1213 827 quod
1235 742 1373 807 fortasse

250 871 267 913 e
288 849 411 933 primae
435 849 588 914 orationis
610 872 657 934 pr.
683 854 747 914 176
771 849 826 914 ubi
849 847 1024 914 Aeschines
1049 849 1146 914 simili
1169 872 1246 914 usus
1269 849 1376 934 figura

249 956 357 1022 dicit.
382 1009 388 1020 .
413 1007 419 1021 .
443 955 488 1034 εἰς
515 955 572 1020 τὸν
598 956 657 1020 τοῦ
684 957 878 1043 πράγματος
905 955 1023 1042 δρόμον
1050 955 1243 1021 εἰσελαύνετε
1271 956 1374 1022 abeo

248 1063 305 1147 qui
327 1063 355 1127 B
378 1063 592 1127 recensionem
615 1063 752 1127 confecit
776 1063 850 1147 quia
873 1063 1066 1148 παρανόμου
1080 1063 1273 1127 vccabulum
1288 1057 1374 1147 quod

174 1197 175 1200 ¹
247 1175 297 1234 ter
323 1169 413 1235 brevi
440 1169 543 1252 spatio
572 1171 729 1234 antecedit
755 1169 943 1253 displicebat
974 1170 1008 1234 in
1040 1170 1168 1234 tertiam
1196 1170 1374 1235 orationem

249 1282 411 1360 receptum
443 1281 503 1354 est;
536 1281 676 1342 attamen
704 1283 852 1361 quartum
883 1299 1010 1362 quoque
1041 1300 1105 1342 non
1138 1278 1241 1342 solum
1273 1277 1377 1342 fertur

249 1384 302 1448 sed
335 1384 454 1467 optime
486 1405 519 1448 se
550 1383 661 1461 habet,
693 1388 801 1449 orator
833 1384 917 1448 enim
945 1406 1013 1448 eam
1047 1384 1149 1468 ipsam
1181 1385 1375 1470 παρανόμου

223 1490 511 1575 ‚significationem
539 1513 603 1575 quo
634 1491 756 1556 firmius
788 1512 897 1555 eorum
930 1491 985 1575 qui
1017 1492 1147 1556 aderant
1179 1491 1293 1556 animis
1324 1490 1374 1555 in·

248 1598 393 1662 haereret
414 1596 475 1663 hoo
497 1597 569 1662 loco
593 1602 748 1682 quantum
770 1601 877 1682 potest
900 1598 1037 1662 maxime
1052 1601 1147 1684 urget
1163 1602 1193 1662 et
1209 1602 1312 1682 auget.
1330 1635 1373 1646 -

248 1717 294 1788 pr.
322 1709 382 1770 101
405 1705 435 1770 A
460 1713 531 1769 cum
555 1704 661 1781 Plinio
683 1705 782 1770 habet
805 1705 938 1768 πόντιον
961 1709 992 1769 et
1015 1704 1126 1789 paullo
1148 1705 1233 1769 infra
1254 1701 1297 1780 ἒν,
1322 1704 1374 1770 Β.;

248 1806 404 1875 δπόννιυν
431 1816 463 1876 et
490 1809 558 1891 ἐπί,
587 1813 643 1896 qui
667 1812 824 1877 dissensus
853 1833 917 1876 non
939 1812 1030 1876 nimii
1058 1810 1220 1877 faciendus
1243 1811 1318 1896 quia
1342 1817 1376 1876 et

248 1940 305 2002 per
333 1941 366 1983 se
393 1919 493 1983 levior
520 1924 568 1984 est
595 1923 628 1985 et
654 1924 742 1984 totus
769 1919 822 1984 hic
848 1921 938 1985 locus
965 1919 1016 1984 vel
1043 1919 1078 1983 in
1104 1918 1182 2003 ipsis
1205 1918 1375 1984 Aeschinis

250 2025 410 2091 codicibus
432 2026 534 2110 magis
558 2031 605 2090 est
620 2031 788 2110 corruptus
806 2049 901 2111 quam
916 2031 953 2091 ut
969 2031 1090 2090 certum
1105 2025 1257 2090 iudicium
1279 2025 1375 2091 facile

248 2132 350 2216 possit
371 2133 450 2200 fieri.
487 2132 585 2197 Plinii
610 2134 737 2218 quidem
760 2133 841 2200 liber
863 2156 929 2199 non
950 2133 1044 2217 plane
1067 2135 1127 2197 hoc
1150 2134 1223 2199 loco
1240 2155 1311 2197 cum
1334 2131 1375 2197 iis

249 2238 303 2323 qui
325 2239 419 2303 nobis
441 2245 570 2323 praesto
594 2245 669 2307 runt
690 2241 815 2305 videtur
837 2240 1029 2326 congruisse,
1055 2239 1154 2304 tradit
1177 2239 1261 2303 enim
1289 2243 1374 2325 φωτί

248 2347 437 2411 vocabulum
452 2368 511 2430 pro
528 2351 714 2434 ψηφίσματι
730 2349 817 2433 quod
831 2349 866 2412 in
880 2349 998 2413 nostris
1014 2353 1062 2412 est
1078 2348 1250 2413 codicibus:
1266 2351 1375 2410 tamen

248 2452 309 2517 hoc
337 2475 464 2538 quoque
495 2455 567 2519 loco
595 2453 692 2518 Plinii
719 2456 819 2520 codex
846 2455 876 2520 A
909 2454 1018 2540 generi
1047 2455 1211 2538 aliquanto
1243 2453 1377 2537 propior

247 2559 371 2624 ridetur
394 2559 492 2626 fuisse
515 2583 611 2645 quam
635 2561 673 2626 Β.

337 2667 519 2732 Priscianus
541 2669 575 2731 in
597 2668 807 2733 institutionis
832 2689 931 2754 gram.
956 2669 1039 2733 libro
1062 2667 1172 2732 XVIll
1195 2667 1375 2750 complures

248 2774 416 2839 Aeschinis
438 2776 528 2839 locos
551 2775 652 2855 affert,
676 2798 714 2840 ex
738 2776 853 2861 quibus
876 2798 949 2841 cum
972 2775 1114 2860 plerique
1138 2776 1216 2840 adeo
1234 2773 1375 2857 corrupti

249 2881 288 2944 ad
310 2903 369 2946 nos
390 2883 591 2964 pervenerint
614 2889 650 2948 ut
672 2883 754 2947 nihil
777 2883 905 2949 omnino
921 2904 979 2948 nos
995 2883 1152 2960 adiuvent,
1175 2887 1212 2947 ut
1233 2904 1280 2965 pr.
1300 2887 1375 2958 151,

251 2993 324 3067 192,
341 2995 415 3068 209,
436 3013 518 3054 unus
542 3012 600 3055 nos
625 2991 717 3055 docet
733 2990 820 3075 quali
834 3013 911 3055 usus
927 2990 969 3056 sit
985 2989 1121 3056 oratoris
1138 2990 1242 3054 codice
1265 3012 1311 3073 pr.
1330 2994 1369 3052 87

248 3095 305 3158 ubi
328 3094 356 3158 B
378 3095 476 3160 habet
500 3093 517 3159 ό
541 3097 607 3159 νυνὶ
630 3097 758 3172 πόνιας
781 3096 983 3180 δεξιούμενος
1006 3098 1059 3162 καὶ
1082 3095 1275 3181 προσγελῶν,
1300 3118 1373 3161 curn

248 3199 281 3264 in
308 3201 340 3266 A
368 3202 468 3266 classe
497 3205 529 3266 et
560 3203 644 3286 apud
673 3202 872 3267 Priscianum
904 3203 1105 3284 δεξιοόμενος
1136 3207 1191 3266 καί
1216 3202 1375 3267 vocabula

248 3308 312 3373 sint
336 3309 460 3374 omissa.
500 3308 644 3374 Genuina
659 3309 787 3402 quidem
802 3310 938 3375 oratoris
959 3310 1048 3376 attici
1063 3312 1159 3376 verba
1175 3333 1212 3374 ea
1226 3310 1375 3374 ridentur

250 3438 325 3495 esse,
349 3439 430 3502 quae
445 3416 479 3482 in
493 3415 522 3480 B
539 3420 664 3481 servata
679 3421 761 3494 sunt,
784 3417 918 3501 languet
935 3417 1019 3482 enim
1038 3417 1194 3505 sententia
1209 3417 1374 3483 vocabulis

248 3522 312 3587 illis
341 3524 478 3602 omissis,
505 3529 612 3588 tamen
640 3545 794 3589 consensu
822 3524 879 3588 illo
903 3525 959 3607 qui
987 3529 1034 3589 est
1062 3524 1223 3589 Prisciano
1248 3546 1320 3590 cum
1342 3529 1373 3588 A

248 3650 363 3714 genere
378 3631 541 3714 probatur,
563 3632 627 3696 iam
649 3631 850 3716 grammatici
864 3632 958 3697 huius
974 3637 1077 3696 aetate
1091 3631 1189 3697 fuisse
1204 3631 1374 3697 Aeschinis

249 3737 464 3802 recensionem
487 3739 521 3802 in
544 3760 607 3822 qua
622 3739 719 3803 verba
742 3761 780 3804 ea
803 3739 968 3817 defuerint,
992 3740 1117 3804 adeam
1139 3740 1242 3823 ipsam
1266 3743 1373 3804 autem

248 3844 461 3908 recensionem
483 3846 617 3910 redeunt
639 3843 670 3910 A
692 3846 818 3932 generis
841 3847 971 3912 codices.

214 3935 218 3941 ’
338 3949 524 4016 Theodorus
540 3950 625 4016 Gaza
639 3974 686 4034 pr.
704 3953 743 4016 27
772 3951 988 4038 θαργηλιῶνος
1011 3952 1109 4037 μηνός
1131 3957 1163 4016 et
1177 3951 1290 4016 'Petzes
1307 3959 1371 4017 207

249 4055 366 4140 ῥαδίως
389 4056 532 4122 scribunt
554 4058 582 4122 B
604 4079 705 4144 genus
728 4058 827 4123 secuti
851 4080 921 4122 cum
941 4057 975 4122 in
991 4055 1021 4122 A
1043 4057 1197 4124 traditum
1212 4059 1253 4124 sit
1275 4057 1374 4144 μηνὸς

251 4163 469 4250 Θαργηλιῶνος
497 4168 529 4229 et
555 4163 646 4250 ῥᾷον,
676 4165 791 4248 quibus
819 4164 897 4230 locis
927 4165 1096 4249 quominus
1119 4166 1288 4250 quicquam
1315 4167 1372 4229 tri·

248 4269 383 4335 buamus
406 4275 510 4336 aetate
533 4294 597 4356 qua
619 4271 789 4355 scriptores
811 4271 845 4334 hi
867 4272 1042 4336 floruerunt
1064 4271 1276 4357 prohibemur.
