3232 4856
693 212 913 270 ..56-

243 383 371 466 quidem
393 403 468 447 vera
495 383 556 448 hoc
578 401 688 457 vesus
715 384 787 448 loco
814 383 921 448 hiatus
948 406 1013 451 non
1038 389 1085 450 est
1109 423 1150 434 -
1174 376 1202 450 B
1227 390 1258 452 et
1280 385 1368 452 Plut.

150 575 151 579 ρ
243 489 361 555 evitare
392 491 580 556 studuenmt
612 513 646 554 τε
678 512 755 555 voce
789 491 984 575 interposita.
1026 515 1073 576 pr.
1107 498 1171 558 184
1204 491 1234 558 Α
1269 493 1370 558 habet

243 600 361 682 χαίρων
388 593 475 683 ἀμφὶ
506 598 644 676 ξυνσῖσιν
671 620 752 683 quae
778 598 875 666 verba
902 603 1004 664 metro
1032 600 1191 665 contraria
1222 600 1255 664 in
1283 600 1370 675 Plus

243 702 326 767 libro
348 707 472 769 mutata
494 707 569 786 sunt
590 703 625 768 in
647 701 734 791 cippi
756 706 832 791 περὶ
854 707 959 786 ξυνοῖς
974 712 1010 772 ut
1024 711 1136 784 metro,
1158 707 1192 778 in
1211 707 1240 772 B
1257 701 1369 772 'recen-

244 810 332 882 sione
354 810 389 874 in
411 807 498 897 ἀμφὶ
525 812 662 892 ξυνοῑσιν
685 817 722 876 ut
749 817 851 878 metro
874 818 907 879 et
934 813 1039 878 sensui
1067 814 1278 879 satisfaciant:
1305 815 1370 880 hoc

244 917 371 1002 quidem
394 941 587 1004 quamquam
611 919 809 985 coniecturae
833 920 969 1004 speciem
997 943 1073 1006 prae
1096 944 1130 986 se
1157 921 1233 1001 fert,
1260 926 1371 1006 potest

242 1029 351 1092 tamen
381 1025 554 1112 genuinum
583 1048 662 1101 esse3
695 1027 723 1091 si
751 1031 812 1104 est,
844 1029 927 1112 apud
955 1027 1041 1094 Plut.
1068 1033 1144 1114 περί
1174 1029 1254 1094 illud
1281 1030 1369 1114 quod

119 1195 122 1203 ,
244 1133 438 1216 adscriptum
466 1137 533 1197 erat
555 1137 592 1197 ut
614 1130 702 1219 ἀμφί
727 1135 921 1218 praepositio
945 1135 1169 1219 explicaretur,
1196 1137 1291 1200 metri
1314 1159 1369 1200 ex·

242 1239 352 1325 plendi
383 1261 478 1304 cause
510 1245 605 1325 atque
636 1239 823 1307 restituendi
855 1242 938 1308 inter
974 1243 1045 1326 ipsa
1076 1242 1239 1327 scriptoris
1270 1242 1369 1308 verba

243 1347 400 1432 pervenit,
427 1347 461 1410 in
483 1347 514 1412 A
537 1351 656 1434 χαίρων
677 1349 867 1414 vocabulum
891 1372 930 1414 ex
953 1350 1083 1415 scholiis
1111 1351 1145 1414 in
1171 1351 1273 1434 ipram
1297 1372 1370 1416 ora·

243 1454 363 1518 tionem
385 1453 522 1538 irrepsit.

333 1580 371 1646 In
393 1580 529 1646 Diodori
551 1581 747 1646 bibliothece
769 1581 923 1648 historica
946 1586 977 1647 et
999 1583 1109 1650 Photii
1132 1583 1280 1648 biblioth.
1302 1584 1370 1648 sin-

243 1687 314 1772 guli
337 1687 579 1772 Otesiphonteae
607 1685 669 1754 loci
697 1688 873 1754 afferrmtur
900 1711 947 1774 pr.
973 1694 1036 1754 173
1060 1695 1092 1755 ct
1117 1695 1179 1754 133
1205 1689 1260 1775 qui
1286 1689 1368 1754 nihil

243 1816 301 1859 nos
329 1796 455 1872 docent;
487 1799 624 1879 utroque
651 1795 735 1860 enim
762 1795 835 1860 loco
863 1797 886 1860 lr
914 1797 1013 1862 codex
1041 1819 1112 1862 cum
1137 1797 1164 1862 B
1193 1818 1308 1882 genere
1336 1801 1372 1862 et

243 1902 358 1967 Photio
374 1902 426 1967 vel
445 1902 587 1968 Diodoro
611 1906 722 1967 contra
745 1925 762 1967 e
777 1902 828 1967 lh
851 1903 973 1968 codices
996 1903 1197 1968 consentiunt
1213 1904 1272 1989 (pr.
1290 1909 1371 1968 173:

244 2009 342 2074 elh:
373 2007 515 2096 πονηροῦ
547 2009 680 2096 τρόπου.
711 2013 796 2076 cett:
829 2009 952 2096 τρόπου
984 2008 1135 2095 πονηροῦ.
1166 2014 1241 2076 133.
1272 2009 1370 2074 elh:

243 2117 341 2194 πόλις
350 2113 588 2200 ἀστυγειτόνων,
606 2121 692 2182 cett:
708 2117 805 2192 πόλις
821 2113 1035 2203 ἀστυγείτων),
1053 2138 1116 2201 qua
1133 2137 1171 2180 ex
1186 2137 1220 2180 re
1237 2120 1372 2200 apparet

245 2225 342 2289 etiam
368 2224 404 2288 in
426 2221 456 2288 Α
484 2224 657 2308 archetypo
680 2224 777 2288 verbe
804 2223 850 2288 ita
876 2223 975 2287 fuisse
1003 2223 1122 2288 tradita
1148 2226 1184 2287 ut
1206 2223 1241 2287 in
1263 2222 1291 2286 B
1315 2244 1370 2286 ex·

245 2336 340 2398 stant.

333 2438 458 2504 Plinius
480 2438 514 2502 in
530 2439 667 2523 epistula
689 2437 763 2502 libri
779 2437 854 2502 noni
871 2444 912 2502 26
930 2438 1108 2521 complures
1131 2437 1253 2522 profert
1269 2436 1370 2502 Ctesi-

244 2548 404 2630 phonteae
426 2547 513 2610 locos
537 2545 593 2629 qui
615 2545 746 2610 maximi
769 2548 873 2608 essent
895 2543 1030 2608 faciendi
1052 2544 1113 2608 nisi
1135 2549 1203 2609 tam
1230 2543 1373 2630 graviter

246 2653 386 2738 compti
409 2653 448 2716 ad
471 2672 529 2715 nos
552 2651 768 2736 pervenissent
790 2655 827 2714 nt
842 2672 924 2735 quae
946 2650 1014 2734 ipse
1037 2650 1151 2736 legerit
1167 2673 1247 2735 quae
1271 2650 1370 2734 scrip-

246 2761 322 2826 serit
343 2760 531 2844 plernmque
553 2780 618 2822 non
639 2759 705 2822 iam
727 2757 828 2840 possit
852 2758 1001 2842 cognosci
1024 2758 1091 2843 (cfr.
1116 2779 1142 2824 e.
1165 2776 1195 2843 g.
1221 2763 1295 2836 167,
1317 2763 1369 2832 16,

247 2867 333 2952 206.)
380 2867 431 2930 Ex
457 2866 496 2930 iis
526 2869 631 2930 autem
658 2864 714 2949 qui
741 2865 775 2928 in
801 2865 832 2929 D
861 2865 968 2930 codice
1000 2865 1109 2930 traditi
1136 2869 1223 2943 sunt,
1256 2865 1371 2930 omitto

246 2974 330 3040 enim
353 2973 409 3058 qui
431 2973 466 3038 in
481 2971 672 3037 editionibus
688 2971 765 3038 solis
782 2975 916 3050 exstant,
938 2993 1013 3035 nam
1028 2994 1067 3036 ex
1082 2970 1249 3037 Aeschinis
1269 2971 1372 3055 ipsius

245 3105 311 3148 non
327 3105 366 3148 ex
380 3080 479 3145 Plinii
501 3079 584 3144 libro
600 3078 748 3144 videntur
769 3079 898 3143 fluxisse
913 3116 958 3126 -
972 3080 1138 3144 tractanda
1160 3079 1212 3143 hic
1234 3102 1282 3162 pr.
1305 3085 1370 3143 206

245 3189 302 3255 ubi
329 3189 363 3252 in
389 3187 547 3254 Aeschine
576 3184 636 3250 est:
668 3182 744 3250 ἀλλ’
772 3182 989 3271 ἐγκαθήμενοι
1016 3187 1070 3250 καὶ
1099 3183 1310 3271 ἐνεδρεύοντες
1337 3181 1373 3249 ἓν

247 3297 286 3382 τῇ
302 3293 452 3383 όκροόσει
469 3294 512 3380 (Α
527 3295 563 3359 h:
585 3295 666 3358 falso
687 3291 833 3380 ἐκκλησίᾳ
841 3293 875 3380 1),
899 3294 984 3378 qnod
1000 3292 1107 3358 nescio
1124 3315 1219 3357 aner
1239 3291 1371 3358 scholiis

246 3427 330 3469 nunc
352 3402 522 3489 deperditis
545 3403 608 3466 huc
629 3401 793 3487 invaserit)
816 3399 1009 3465 εἰσελαύνετε
1033 3397 1131 3464 αὐτὸν
1152 3397 1198 3475 εἰς
1220 3397 1295 3476 τούς
1310 3397 1374 3463 τοῦ

247 3511 439 3597 παρανόμου
456 3549 498 3558 -
514 3509 556 3574 B:
579 3509 773 3596 πρόγματος
787 3547 833 3554 -
848 3507 962 3591 λόγους
990 3529 1071 3592 quae
1093 3506 1190 3571 verba
1217 3506 1251 3570 in
1273 3504 1372 3570 Plinii

247 3618 353 3683 codice
377 3621 525 3700 corrupta
548 3619 622 3680 sunt
643 3615 678 3678 in
700 3610 784 3678 ἀλλὰ
808 3611 1050 3698 α’νακαθήμενοι
1077 3609 1213 3676 κόκαινὰ
1242 3612 1373 3698 ῥέμβον-

247 3749 301 3788 ται
329 3723 539 3811 παρανόμους
566 3721 694 3806 λόγους,
727 3721 867 3806 graviter
895 3743 970 3784 sane
998 3725 1159 3804 corrupta,
1191 3719 1237 3784 ita
1263 3724 1370 3784 tamen

247 3835 284 3895 ut
312 3852 351 3894 ex
377 3851 455 3895 voce
486 3828 696 3915 παρανόμους
725 3829 847 3892 eluceat
878 3826 1018 3892 Plinium
1050 3826 1200 3891 habuisse
1229 3825 1371 3891 codicem

408 3993 462 4003 n—-

339 4079 364 4150 1)
382 4078 577 4150 Discrepantia
604 4095 670 4134 sane
697 4076 820 4132 maxima
847 4077 902 4146 est;
930 4077 1026 4131 tamen
1052 4073 1182 4148 ἐκκλησίᾳ
1204 4075 1371 4138 vocabulum

247 4167 328 4222 huius
347 4167 402 4223 loci
420 4167 512 4222 sensni
530 4170 590 4222 tam
609 4169 651 4222 est
670 4165 840 4222 contrarium
858 4168 891 4220 nt
909 4165 946 4220 ad
964 4181 1027 4220 eum
1045 4163 1136 4234 ipsam
1154 4163 1202 4232 qui
1215 4161 1370 4218 orationem

247 4257 409 4328 recognovit
428 4257 517 4312 redire
535 4257 702 4327 persuadere
719 4255 790 4309 mihi
808 4254 885 4310 nullo
903 4253 987 4309 modo
1004 4252 1116 4323 possim.
