3232 4856
711 197 932 254 ..62-

261 389 297 431 eo
326 367 395 432 loco
420 366 475 450 qui
498 390 579 432 unus
604 369 644 432 ad
671 369 775 452 ipsum
803 369 933 433 alterius
961 369 1085 453 generis
1114 374 1275 435 auctorem
1298 377 1383 436 certo

259 474 402 539 videatur
424 475 534 552 redire,
558 476 733 566 consentire
756 476 898 541 rhetores
922 497 994 540 cum
1016 475 1047 541 A
1070 477 1259 542 recensione.

350 581 635 669 Gnomologiorum
660 587 690 646 et
713 574 943 668 florilegiorum
967 587 1110 648 auctores
1127 605 1197 648 cum
1217 584 1245 648 B
1268 605 1383 669 genere

261 689 461 780 consentiunt
484 689 534 753 his
557 689 650 753 locis:
876 775 878 780 Ι

349 818 395 878 pr.
420 801 460 858 99
485 795 519 858 in
542 796 569 861 B
593 799 677 861 recte
700 796 850 862 traditum
874 801 922 860 est
938 797 1069 860 verbum
1092 796 1277 884 διαφθείρει
1297 801 1383 884 quod

259 884 293 965 in
316 901 404 967 Stob.
427 902 494 966 flor.
519 908 704 986 corruptum
728 903 831 967 estin
855 902 1000 990 διαφέρει
1024 925 1095 968 cum
1118 904 1148 969 A
1171 905 1289 970 habeat
1311 929 1380 972 ver·

259 1009 336 1072 bum
364 1009 498 1093 simplex
526 1013 669 1096 φθείρει,
699 1010 755 1093 qui
783 1011 939 1075 dissensus
947 1010 973 1096 ¹)
996 1011 1051 1075 vix
1078 1012 1187 1096 magni
1213 1012 1383 1080 faciendus,

347 1138 394 1199 pr.
420 1121 482 1181 180
507 1116 537 1181 A
565 1117 663 1181 habet
685 1118 872 1201 λογίσασθε,
899 1114 949 1182 ὅτι
972 1116 1028 1182 ddi
1052 1167 1059 1182 .
1086 1169 1092 1182 .
1120 1169 1126 1182 .
1151 1117 1275 1195 διδῶτε,
1300 1121 1384 1186 Bet

260 1223 348 1289 Stob.
364 1221 581 1307 ἐκλογίσασθε,
607 1221 658 1287 ὅτι
680 1221 736 1288 ἔδει
758 1229 816 1307 μέν
841 1275 847 1288 .
874 1275 881 1288 .
908 1275 914 1288 .
940 1211 1064 1302 διδῶτε,
1088 1227 1174 1309 quod
1190 1249 1299 1292 verum
1316 1250 1383 1293 esse

260 1331 462 1395 confirmatur
487 1331 665 1415 insequenti
693 1329 748 1395 ἐὰν
775 1331 817 1396 δέ.
865 1332 1010 1416 Utraque
1038 1334 1249 1416 discrepantia
1276 1357 1383 1417 errore

260 1441 331 1501 orta
354 1461 421 1502 esse
446 1439 578 1503 videtur.

349 1543 464 1610 Contra
493 1568 564 1610 cum
592 1546 622 1610 A
650 1567 763 1630 genere
791 1547 946 1631 florilegio
978 1547 1028 1610 his
1060 1547 1140 1610 locis
1168 1548 1384 1613 consentiunt:

348 1674 392 1734 pr.
420 1658 460 1717 99
489 1652 522 1716 in
545 1653 576 1717 A
604 1658 635 1717 et
659 1652 746 1719 Stob.
773 1653 841 1719 flor.
870 1654 1023 1718 traditum
1047 1659 1094 1718 est
1122 1655 1175 1718 καὶ
1203 1652 1264 1740 γὰρ
1287 1654 1382 1718 τοῦτο

259 1755 437 1844 ἅνθρωπος
458 1757 541 1823 ἴδιον
564 1762 618 1824 καὶ
642 1758 678 1824 οδ
702 1759 812 1825 καινὸν
839 1771 929 1824 ποιεῖ
951 1765 982 1825 et
1009 1762 1118 1844 paullo
1147 1761 1231 1825 infra
1255 1759 1276 1824 d
1300 1755 1384 1825 οἶδεν

259 1865 372 1950 (Stobz
399 1861 493 1950 εἶδεν)
518 1889 590 1931 cum
614 1868 641 1933 B
668 1891 727 1952 pro
752 1864 930 1953 ἄνθρωπος
954 1869 1071 1932 habeat
1094 1865 1282 1954 ἀνθρώπιον
1306 1866 1382 1933 etd

226 2049 228 2054 s
258 1962 294 2034 εὖ
311 1967 403 2047 οἶδεν,
428 1996 509 2056 quae
525 1974 753 2058 discrepantiae
774 1965 870 2038 'facile
886 1975 947 2058 ipsi
962 1973 989 2038 B
1013 1975 1213 2058 grammatici
1228 1976 1383 2040 debentur

259 2101 380 2163 operae.
397 2081 576 2144 —Eadem
599 2104 644 2164 pr.
668 2083 778 2165 paullo
802 2083 884 2146 infra
907 2081 938 2146 A
962 2070 993 2145 et
1010 2081 1097 2146 Stob.
1124 2083 1243 2149 habent
1259 2081 1383 2170 σφόδρα

259 2183 364 2266 ἄξιος,
393 2185 433 2250 Β;
461 2187 603 2268 μάλιστα
632 2184 730 2268 ἄξιος.
765 2193 873 2272 aperte
900 2187 999 2273 igitur
1022 2186 1178 2252 Stobaeus
1206 2189 1266 2253 hac
1290 2211 1382 2274 para-

259 2294 381 2376 grapho
405 2294 436 2357 A
458 2293 648 2357 recensionis
672 2294 814 2377 sequitur
838 2279 1034 2377 scripturam.

348 2422 394 2483 pr.
421 2405 482 2464 173
506 2401 540 2464 in
562 2399 593 2465 A
617 2406 649 2465 et
672 2402 755 2485 apud
779 2401 936 2465 Joannem
956 2401 1047 2465 Dam.
1073 2402 1225 2484 scriptum
1241 2403 1385 2468 videmus

259 2504 293 2570 ἐκ
320 2506 376 2592 τῆς
405 2507 485 2592 (τῆςῑ
514 2529 573 2572 om.
602 2508 684 2594 Joa.)
713 2509 880 2584 πολιτείας
906 2507 1045 2595 εἰληφώς
1078 2506 1228 2594 ἀργύριον
1257 2532 1327 2574 cum
1354 2509 1383 2574 B

258 2635 317 2697 pro
345 2615 511 2690 πολιτείας
543 2616 659 2679 habeat
685 2615 826 2691 πόλεως,
861 2638 941 2700 quae
970 2638 1034 2680 vox
1062 2615 1164 2679 redire
1191 2616 1316 2679 videtur
1344 2617 1384 2680 ad

259 2722 364 2804 ipsum
392 2722 419 2787 B
452 2723 694 2806 grammaticum
723 2723 778 2806 qui
806 2746 877 2787 cum
904 2723 1100 2806 reipublicae
1128 2722 1289 2786 notionem
1321 2722 1385 2786 hoc

258 2829 331 2892 loco
355 2829 545 2894 desideraret
567 2851 668 2912 neque
691 2829 855 2913 ignoraret
878 2831 1045 2905 πολιτείας
1068 2850 1177 2893 vocem
1200 2831 1260 2893 hac
1284 2830 1381 2914 signi-

259 2934 406 2999 ficatione
439 2935 479 2998 ab
508 2936 687 2999 oratoribus
720 2935 825 3000 atticis
857 2957 920 3000 non
953 2957 1020 3000 esse
1051 2941 1236 3019 usurpatam
1268 2936 1386 3000 abiecit

260 3042 448 3126 scripsitque
480 3042 622 3119 πόλεως·
653 3047 759 3108 tamen
791 3043 958 3119 πολιτείας
991 3043 1183 3107 vocabulum
1215 3045 1277 3107 hoc
1312 3043 1384 3107 loco

260 3150 378 3233 optimc
411 3171 479 3214 sese
509 3149 609 3214 habet
640 3173 742 3234 neque
775 3150 933 3235 significat
971 3151 1202 3233 rempublicam
1235 3151 1290 3214 sed
1327 3151 1384 3214 rei·

259 3257 404 3340 publicae
428 3257 740 3323 administrationem.

347 3387 394 3448 pr.
420 3369 482 3428 174
506 3365 540 3428 in
562 3364 592 3428 A
620 3364 771 3428 traditum
801 3368 848 3428 est
876 3359 954 3427 ὥστε
977 3364 1022 3448 μή
1045 3386 1101 3444 με,
1125 3364 1158 3426 in
1182 3385 1275 3448 agm
1299 3364 1384 3428 codi-

260 3471 349 3536 cibus
373 3467 450 3534 ὥστε
474 3494 514 3553 με
536 3471 591 3556 μή,
616 3472 650 3536 in
671 3495 693 3535 n
716 3472 823 3536 codice
847 3476 879 3535 et
902 3473 985 3554 apud
1007 3469 1078 3535 Joa.
1094 3470 1201 3535 Dum:
1226 3467 1304 3534 ὥστε
1327 3472 1383 3556 μή.

260 3580 424 3656 Quodcum
451 3600 625 3661 pronomen
656 3579 821 3663 personale
852 3579 948 3642 huius
980 3579 1042 3641 loci
1071 3599 1163 3641 sensu
1195 3582 1385 3662 exposcatur

260 3690 405 3768 apertum
433 3689 480 3748 est
508 3708 529 3747 n
558 3685 673 3749 codicis
701 3690 733 3749 et
760 3684 829 3750 Joa.
857 3684 1025 3748 lectionem
1055 3705 1121 3748 esse
1149 3684 1276 3762 falsam3
1304 3685 1385 3748 illud

260 3792 391 3856 dubium
418 3794 526 3855 utrum
553 3792 584 3856 A
608 3815 648 3856 an
671 3792 698 3857 B
729 3792 836 3856 classis
865 3791 1023 3874 sequenda
1050 3791 1106 3868 sit,
1137 3813 1218 3874 quae
1245 3814 1295 3855 res
1323 3792 1385 3855 nisi

260 3899 329 3964 sola
356 3899 498 3963 codicum
527 3899 712 3964 auctoritate
740 3921 804 3962 non
832 3899 955 3962 videtur
983 3897 1062 3962 mihi
1086 3882 1255 3980 disceptari
1281 3920 1384 3981 posse,

261 4012 293 4072 et
315 4029 355 4071 ne
377 4007 437 4070 hac
454 4007 580 4091 quidem
603 4007 725 4071 ratione
747 4006 843 4088 plane
859 4010 981 4070 certum
1003 3997 1234 4083 fietiudicium,
1258 4003 1384 4069 litterae

261 4163 475 4170 μὴ

354 4241 380 4308 l)
399 4240 475 4292 ortus
495 4237 605 4292 videtur
624 4206 690 4292 esse·
701 4237 843 4292 oculorum
860 4236 953 4305 lapsu,
973 4233 1115 4290 antecedit
1134 4234 1207 4288 enim
1225 4235 1385 4292 EHMEIA.
