3232 4856
685 858 890 954 Vita.

316 1053 450 1123 Georgius
481 1053 583 1107 Klinlre
611 1056 692 1107 natus
720 1071 781 1107 sum
807 1052 983 1108 Robaooviae
1011 1052 1041 1106 in
1068 1053 1131 1107 vico
1159 1054 1241 1107 Posn.
1269 1070 1294 1108 a.
1325 1055 1351 1110 d.

227 1143 272 1197 Ill.
291 1142 330 1196 Id.
350 1145 415 1211 Apr.
438 1143 504 1196 1861
529 1146 611 1212 patre
635 1160 698 1196 usus
721 1143 860 1212 Augusto,
885 1145 975 1196 matre
998 1141 1081 1196 Idae
1104 1144 1187 1211 gente
1209 1141 1351 1207 Schelack,

227 1249 295 1300 quos
319 1231 409 1285 adhuc
431 1232 596 1302 superstites
619 1249 677 1286 esse
701 1232 746 1286 vel
769 1231 886 1286 maxime
914 1232 1011 1287 laetor.
1036 1229 1116 1286 Fidei
1139 1231 1267 1286 addictus
1290 1251 1352 1286 sum

227 1320 388 1376 catholicae.
420 1321 588 1376 Litterarum
601 1321 743 1376 elementis
762 1321 886 1376 imbutus
904 1321 970 1376 inde
987 1322 1022 1375 ab
1036 1339 1060 1376 a.
1077 1321 1187 1376 1872111
1205 1339 1351 1392 progymn.

226 1409 403 1480 Kempnensi,
423 1411 499 1478 quod
516 1408 641 1479 Martini,
661 1413 721 1463 turn
739 1411 774 1464 ab
794 1427 823 1463 a:
849 1409 918 1464 1878
936 1409 967 1464 in
986 1427 1078 1478 gymn.
1098 1409 1257 1479 Gnesnensi,
1277 1410 1352 1480 quod

226 1498 366 1553 Methneri
384 1498 479 1553 floruit
496 1498 631 1567 floretque
651 1498 789 1567 auspiciis,
808 1501 931 1552 versatus
950 1517 1017 1554 sum.
1053 1498 1103 1552 His
1121 1499 1187 1554 viris
1206 1498 1246 1554 ill.
1266 1500 1352 1554 omni·

226 1587 332 1655 busque
351 1586 401 1654 qui
418 1604 463 1640 me
482 1585 647 1656 discipulum
667 1587 820 1641 docuerunt
841 1586 1069 1656 praeceptoribus
1089 1587 1250 1657 carissimis,
1274 1606 1352 1658 prae·

227 1675 307 1746 cipue
326 1693 389 1729 cum
406 1675 530 1730 Martino
549 1679 577 1730 et
594 1675 739 1730 Metlmero
758 1679 818 1729 tum
836 1675 960 1745 Delegae
979 1679 1008 1730 et
1026 1675 1163 1730 Eichnero
1182 1676 1288 1746 gratias
1307 1678 1353 1732 vel

227 1763 362 1818 maximas
380 1765 472 1819 habeo
486 1782 648 1834 semperque
667 1765 787 1820 habebo.
818 1766 889 1820 Vere
904 1765 972 1818 1880
984 1763 1155 1819 maturitatis
1169 1767 1244 1834 quod
1256 1765 1353 1820 dieunt

226 1852 386 1908 testimonio
409 1853 560 1908 instructus
583 1853 784 1908 Vratislaviam
806 1871 850 1907 me
874 1853 993 1920 contuli,
1020 1857 1053 1907 ut
1076 1854 1173 1909 studiis
1196 1853 1237 1909 ibi
1264 1855 1353 1924 philo-

226 1941 325 2011 logieis
344 1959 389 1996 me
408 1943 544 1997 dederem.
581 1943 647 1997 Mox
668 1941 743 1996 mala
761 1942 923 1998 valetudine
941 1945 1054 1997 coactus
1076 1961 1123 1997 rus
1146 1943 1352 2014 transmigravi,

228 2032 300 2084 unde
318 2030 425 2084 uiribus
444 2029 554 2085 refectis
572 2029 821 2100 Gryphiswaldiam
838 2049 883 2086 me
903 2031 1015 2101 contuli,
1035 2031 1084 2085 ubi
1101 2049 1151 2101 per
1168 2034 1277 2100 septem
1294 2051 1354 2088 ver·

227 2123 302 2173 satus
315 2137 376 2173 sum
388 2118 539 2174 semestris.
571 2113 730 2174 Docuerur'rt
743 2137 787 2174 me
800 2118 854 2172 viri
867 2119 926 2174 dri:
945 2119 1071 2175 Vratisl.:
1091 2120 1240 2190 Bobertag‚
1259 2121 1353 2186 Hertz,

227 2207 341 2278 Kaibel,
372 2211 446 2278 Aug,
475 2207 685 2278 Reifferscheid,
720 2208 875 2278 Rossbach,
906 2207 1022 2275 Weber,
1058 2207 1225 2278 Gryphisw.:
1261 2210 1353 2276 Holta,

227 2295 336 2363 Kaibel,
355 2295 503 2366 Kiessling,
522 2296 651 2363 Preuner,
670 2297 713 2352 Al.
726 2296 932 2363 Reifferscheid,
953 2296 1089 2368 Schuppe,
1110 2297 1256 2364 Susamihl,
1270 2299 1355 2370 Vogt·

227 2386 261 2440 de
278 2383 677 2441 Wilamowitr·Moellendcrf.
715 2385 817 2440 Kaibel
836 2389 865 2439 et
882 2385 1021 2456 Kiessling
1044 2387 1178 2442 benevole
1201 2387 1272 2441 mihi
1295 2407 1354 2458 per,

226 2473 361 2529 miserunt
372 2477 405 2530 ut
417 2474 559 2530 seminarii
578 2475 676 2545 philol.
695 2492 746 2544 per
763 2474 820 2528 tria
833 2475 985 2545 semestria,
1004 2475 1201 2531 Reifferscheid
1212 2480 1245 2530 ut
1267 2477 1353 2533 theot.

226 2564 343 2632 perduc
356 2563 459 2618 sodalis
474 2581 563 2618 essem
576 2563 737 2619 ordinarius.
770 2563 1025 2618 Exercitationibus
1039 2564 1153 2619 interfui
1167 2565 1354 2635 epigraphicis

228 2650 408 2717 aKaibeli0‚
428 2652 612 2708 Aristotelicis
636 2669 654 2706 a
677 2651 855 2722 Susamihlio,
875 2653 1092 2723 archaeologicis
1116 2671 1133 2706 a
1156 2654 1295 2709 Preumro
1314 2655 1355 2709 in·

228 2739 341 2795 stitutis.
373 2739 507 2795 Omnibus
526 2741 569 2795 his
588 2740 655 2795 viris
673 2740 779 2810 gratias
798 2758 852 2810 ago
871 2758 956 2809 quam
974 2741 1117 2808 maximas,
1139 2741 1275 2812 imprimis
1288 2762 1353 2800 vero

227 2847 290 2884 cum
301 2830 477 2903 Kiesslingio,
490 2831 713 2902 Wilamowitrio,
727 2830 963 2898 Reifferscheidio,
976 2835 1038 2886 tum
1049 2832 1187 2899 Kaibeli0,
1201 2834 1249 2903 qui
1261 2835 1355 2889 studia

226 2937 289 2975 mea
312 2939 422 2992 semper
445 2940 553 2976 summa
574 2921 751 2992 benignitate
775 2925 803 2976 et
825 2921 998 2978 liberalitate
1023 2923 1139 2978 adiuvit.
1177 2921 1272 2993 Neque
1296 2943 1353 2980 non

227 3009 347 3064 Msassio
358 3010 464 3079 gratias
473 3012 564 3066 habeo
574 3029 657 3080 quam
666 3011 802 3066 maximas
812 3011 859 3081 qui
869 3012 1028 3082 nuperrime
1041 3012 1146 3082 insigni
1158 3013 1355 3068 benevolentia

228 3098 312 3164 atque
331 3097 464 3152 comitate
478 3098 717 3168 Gryphiswaldiae
731 3117 776 3154 me
789 3098 898 3170 excepit
913 3103 942 3155 et
959 3100 1038 3156 iuvit.
1069 3101 1187 3156 Utinam
1199 3119 1293 3157 omnes
1306 3103 1354 3172 qui

228 3202 271 3238 me
286 3185 439 3239 docuerunt
453 3185 505 3238 viri
524 3185 672 3240 clarissimi
690 3187 914 3242 benevolentiam
933 3189 1002 3242 mihi
1016 3194 1179 3246 conservent
1195 3191 1238 3246 ita
1255 3194 1288 3245 ut
1302 3210 1354 3262 ego

228 3271 283 3326 illis
302 3276 414 3343 gratum
432 3276 516 3342 atque
537 3274 612 3345 pium
631 3275 767 3331 animum!

317 3361 486 3417 sodalicium
506 3379 572 3417 vero
595 3362 795 3432 philologicum
813 3363 889 3418 cuius
909 3363 1010 3434 Gryph.
1035 3366 1076 3420 fui
1100 3367 1204 3422 sodalis
1224 3369 1354 3438 quodque

228 3467 278 3518 per
305 3467 386 3506 omne
413 3450 490 3506 vitae
518 3449 642 3521 spatium
669 3451 854 3506 hbentissime
881 3453 1058 3522 recordabor,
1087 3455 1171 3512 velim
1199 3455 1297 3512 floreat
1325 3458 1355 3511 in

228 3542 406 3609 perpetuum!
