3232 4856
716 241 935 297 ..5ο-

262 415 322 478 hac
344 413 414 496 ipsa
437 411 581 476 oratione
603 411 635 475 in
660 435 723 496 qua
746 411 852 496 agitur
876 412 913 475 de
938 433 1067 488 corona;
1090 410 1114 489 l,
1138 416 1178 475 13
1202 411 1391 495 recipiemus

263 519 429 584 Aeschinis
468 515 501 582 ἐκ
539 516 601 604 γὰρ
630 518 697 581 τοῦ
734 519 940 603 πράττεσθαί
971 543 1043 582 τινα
1076 509 1119 582 ὦν
1151 515 1188 581 ori
1221 518 1388 604 προσῆκεν,

262 627 427 692 relciemus
454 623 488 689 ἐκ
517 623 577 710 γάρ
604 625 663 688 τοῦ
690 629 837 708 γίνεσθαί
858 649 929 690 τινα
953 617 997 689 ὦν
1018 625 1063 711 μὴ
1087 624 1147 702 δεῖ,
1177 627 1262 710 quod
1285 631 1390 691 exstat

263 735 347 818 apud
371 732 495 817 Sopatr.
520 737 551 796 et
574 732 701 796 Maxim.
726 730 815 798 Plau.
838 731 862 810 Ι,
887 739 927 796 52
953 733 1152 798 scribendum
1183 729 1273 808 ὅπως
1300 731 1390 817 δυνή-

263 862 360 922 σομαι
376 861 432 924 pro
449 838 662 924 Hermogenis
686 835 776 914 ὅπως
798 837 847 902 δεῖ
866 844 897 904 et
916 838 941 918 l,
959 843 1021 903 174
1046 840 1260 925 ποραοτηοειν
1276 844 1307 903 et
1325 845 1387 904 183

262 944 468 1026 ἐνδοξότατος
483 968 541 1029 pro
556 945 671 1010 Suidae
686 955 864 1030 παρασχεῖν
877 945 1063 1026 etpotamo
1077 942 1262 1028 εὐδοκιμῶν,
1279 943 1334 1024 III,
1348 952 1387 1009 77

262 1053 369 1138 λαβών
395 1075 453 1137 pro
481 1051 648 1116 Plutarchi
676 1047 854 1135 ἀναλαβών,
881 1057 943 1116 157
973 1051 1018 1128 εἰς
1045 1058 1077 1117 et
1104 1049 1303 1140 ἀνθρώπους
1330 1075 1390 1136 pro

266 1160 437 1225 Herodiani
464 1157 521 1223 ἐντί
543 1165 574 1224 ct
602 1155 733 1244 ἀνδρας,
763 1159 826 1222 alia
853 1159 962 1224 multa.
1008 1159 1121 1243 Neque
1149 1160 1256 1224 inveni
1283 1161 1388 1224 locum

262 1266 435 1331 sententiae
445 1287 540 1349 quam
556 1265 744 1348 protulimus
755 1257 947 1369 contrarium
961 1265 1022 1328 nisi
1037 1265 1077 1344 H,
1089 1273 1129 1329 26
1147 1266 1202 1330 ubi
1212 1265 1389 1330 Aeschines

261 1373 359 1438 habet
385 1370 541 1453 Ἀμύντου
570 1369 631 1457 γάρ
655 1373 764 1456 neruosi
787 1371 1059 1457 τετελευτηκότος,
1085 1395 1156 1437 oum
1179 1374 1212 1437 in
1237 1373 1389 1438 Aristidis

262 1485 329 1544 arte
357 1479 516 1544 rhetorica
542 1484 615 1562 post
642 1475 797 1559 Ἀμάντου
822 1483 924 1543 exstet
946 1480 1103 1562 particula
1126 1483 1197 1561 μέν,
1227 1502 1308 1563 quae
1331 1502 1386 1564 ge·

261 1587 358 1652 nuina
373 1586 497 1650 videtur
513 1581 589 1662 ess'e,
613 1585 755 1669 sequitur
778 1586 862 1648 enim
886 1585 1058 1671 Περδίκκου
1079 1584 1128 1660 δέ;
1151 1586 1202 1650 cui
1225 1587 1296 1650 loco
1321 1586 1387 1650 adi-

262 1694 390 1758 ciendus
423 1693 557 1757 fortasse
584 1692 613 1772 I,
644 1699 685 1756 52
714 1692 770 1756 ubi
797 1692 1031 1776 Harpocration
1064 1694 1160 1757 habet
1187 1690 1389 1777 ὑπερβαίνων

261 1799 372 1864 τούσδε
395 1798 470 1875 τοδς
493 1796 635 1885 ἀγρίους,
660 1798 854 1885 Κηδωνίδην,
884 1822 956 1864 cum
978 1800 1010 1862 in
1035 1801 1201 1864 Aeschinis
1226 1801 1388 1865 codicibus

260 1912 335 1990 post
358 1904 487 1993 ἀγρίους
511 1907 653 1971 additum
676 1907 718 1970 sit
741 1902 857 1992 ἀνδρας
879 1908 1078 1984 vocabulum,
1102 1908 1187 1990 quod
1208 1907 1307 1991 Harp.
1331 1907 1388 1991 qui

262 2015 395 2082 eundem
410 2014 538 2096 respicit
560 2013 666 2078 locum
682 2036 705 2076 s.
722 2036 750 2076 v.
767 2009 897 2098 ἀγρίους
912 2035 977 2077 non
992 2014 1114 2077 videtur
1137 2013 1260 2098 legisse,
1284 2035 1386 2097 neque

261 2144 324 2188 vox
346 2121 403 2188 illa
426 2120 583 2186 sententia
606 2120 675 2205 ipsa
703 2121 883 2203 postulatur
910 2120 1007 2184 immo
1034 2121 1123 2184 locus
1148 2121 1244 2184 ctiam
1268 2120 1387 2184 omisso

260 2229 320 2292 hoc
343 2228 440 2291 verbo
465 2227 583 2310 optime
607 2226 774 2303 sehabet,
798 2249 909 2311 quare,
932 2227 1117 2308 praesertim
1141 2248 1212 2290 cum
1235 2226 1387 2290 facillime

261 2357 300 2398 ex
323 2333 452 2398 scholiis
475 2333 558 2396 inter
580 2333 650 2417 ipsa
673 2331 836 2415 scriptoris
853 2333 948 2396 rerba
971 2332 1109 2417 potuerit
1131 2333 1277 2416 irrepere,
1300 2337 1386 2397 recte

260 2441 394 2508 fortasse
422 2441 565 2505 fecerunt
592 2440 615 2503 ii
638 2440 693 2524 qui
721 2440 894 2524 genuinum
917 2462 981 2504 non
1005 2462 1072 2504 esse
1102 2440 1164 2504 rati
1192 2440 1386 2504 abiecerrmt:

260 2571 324 2614 non
347 2549 484 2613 multum
506 2553 614 2612 tamen
636 2549 685 2612 his
709 2547 788 2612 locis
811 2547 942 2612 testium
958 2548 1129 2612 auctoritas
1145 2552 1287 2632 augetur,
1310 2569 1386 2610 nam

261 2662 293 2722 et
315 2656 452 2720 leviores
475 2661 550 2719 sunt
571 2678 665 2739 quam
689 2661 725 2719 ut
747 2655 896 2718 iudicium
920 2660 970 2719 tot
986 2655 1137 2738 exemplis
1161 2659 1289 2736 tamque
1312 2676 1385 2739 gra-

259 2764 352 2828 vibus
375 2763 533 2827 munitum
560 2763 683 2844 possint
711 2762 916 2839 labefactare,
944 2783 1045 2845 neque
1069 2763 1107 2824 de
1131 2761 1230 2826 altero
1256 2761 1385 2825 omnino

261 2875 347 2934 certo
371 2874 496 2934 constat
518 2874 625 2932 utrum
649 2869 783 2932 oratoris
809 2892 847 2932 an
871 2869 1088 2952 lexicographi
1104 2869 1200 2932 verba
1223 2869 1286 2932 sint
1302 2890 1385 2932 vera.

262 3015 303 3026 -
332 2977 441 3041 Manet
473 2976 571 3060 igitur
601 2977 686 3060 quod
717 2975 849 3039 fecimus
877 2975 1030 3039 iudicium
1056 2976 1196 3060 ipsisque
1225 2997 1304 3058 quos
1336 2976 1384 3038 in·

260 3085 403 3148 venimus
427 3083 617 3166 scriptorum
633 3088 775 3146 veterum
799 3082 957 3146 erroribus
973 3086 1068 3165 atque
1085 3082 1282 3166 corruptelis
1306 3103 1384 3165 quo·

260 3215 331 3255 rum
344 3213 493 3255 numerus
509 3191 712 3255 librariorum
723 3190 827 3268 etiam,
844 3190 899 3273 qui
915 3212 1011 3273 opera
1021 3189 1261 3273 descripsemnt,
1276 3189 1383 3274 negle-

260 3299 369 3384 gentia
392 3303 422 3362 et
445 3297 573 3361 licentia
596 3319 787 3382 magnopere
812 3302 922 3361 auctus
947 3301 1001 3372 est,
1027 3298 1243 3375 admonemur,
1266 3318 1305 3360 ne
1328 3296 1385 3359 ubi

261 3409 299 3470 de
324 3405 362 3469 iis
379 3405 434 3490 qui
458 3405 498 3470 ad
517 3404 714 3471 recensiones
731 3403 872 3466 codicum
888 3402 1136 3467 Aeschincorum
1153 3402 1386 3486 cognoscendas

260 3513 419 3596 pertinent
435 3531 566 3594 agemus
590 3510 669 3574 locis
685 3509 815 3573 nimiam
831 3509 935 3572 verbis
957 3508 1062 3572 allatis
1085 3508 1257 3572 habeamus
1280 3508 1385 3585 fidem,

260 3619 396 3682 maxime
420 3616 547 3700 quidem
574 3615 607 3678 in
635 3616 738 3698 prima
762 3616 905 3678 oratione
929 3619 960 3678 ct
986 3615 1095 3692 tertia,
1123 3614 1178 3678 ubi
1201 3637 1252 3678 res
1276 3635 1385 3678 occur·

259 3730 335 3789 runt
358 3724 504 3800 leviores,
533 3745 614 3806 quac
636 3723 730 3786 facile
754 3723 793 3786 ad
816 3722 918 3786 solam
942 3721 1006 3786 sive
1030 3721 1171 3805 ipsorum
1195 3721 1386 3804 scriptorum

261 3833 327 3896 sive
359 3830 560 3895 librariorum
588 3829 823 3914 neglegentiam
849 3829 901 3892 vel
933 3850 1070 3892 errorem
1103 3833 1237 3914 possunt
1268 3828 1384 3903 redire;

261 3944 369 4003 contra
402 3937 531 4001 alterius
561 3936 713 4001 orationis
747 3936 964 4018 discrepantiis
997 3936 1048 4000 vel
1079 3936 1251 4000 levioribus
1284 3934 1385 3998 maior

259 4046 427 4109 tribuenda
442 4044 490 4108 vis
506 4044 589 4128 quia,
613 4044 762 4127 quoniam
778 4044 879 4107 oratio
895 4043 998 4106 minus
1015 4047 1083 4107 erat
1097 4048 1182 4121 nota,
1202 4042 1384 4125 saepissime

260 4176 324 4217 non
340 4155 379 4216 ad
395 4153 496 4216 solam
520 4151 643 4215 librarii
665 4151 826 4215 licentiam
843 4152 897 4214 sed
913 4152 952 4214 ad
972 4150 1058 4235 ipsos
1075 4150 1197 4214 codices
1214 4149 1385 4232 exquibus

261 4260 430 4344 scriptores
453 4259 627 4322 hausemnt
650 4258 795 4336 redeunt,
825 4280 905 4341 quae
929 4257 1036 4340 opinio
1061 4279 1097 4320 ea
1121 4256 1326 4320 confirmatur
1349 4277 1385 4318 re
