3232 4856
697 273 914 330 -48-

245 445 360 510 Herod.
393 468 440 529 pr.
476 450 552 508 171:
587 449 791 530 Δημοσθένης
824 442 841 508 ὁ
876 443 1045 519 Παιανιεὺς
1078 442 1157 529 α’νηρ
1185 444 1370 528 ἔλεάδεροςε

246 552 358 617 Aesch.
382 550 551 636 ἔλεάδερσς
575 548 652 636 άνηρ
671 557 830 638 Auleon-lc
854 553 963 616 rhetor
980 574 1163 636 anonymus.
1187 550 1369 636 ἔλεάθεροςῑ

245 659 369 742 Doxop.
387 665 458 723 174.
483 664 569 744 περι’;
594 658 709 722 Aesch.
727 658 873 743 Apostol.
897 661 991 744 πράς;
1016 659 1089 723 Joh.
1108 683 1154 742 pr.
1174 667 1235 724 157
1253 660 1371 744 insigni

247 767 302 830 illo
323 767 403 844 1000,
428 789 490 850 quo
515 765 690 830 Aeschines
707 766 931 830 Thebanorum
955 766 1151 831 calamitates
1176 771 1207 830 et
1230 768 1370 831 miserias

245 874 291 936 ita
318 873 479 937 describit:
513 878 661 954 νομίσατε
691 870 767 957 δρᾶν
796 869 1002 958 ἁλισκομένην
1029 871 1085 958 τὴν
1113 874 1225 948 πάλιν,
1259 875 1371 954 τειχῶν

248 981 468 1064 κατασκαφάς,
493 978 665 1064 ἐμπρήσεις
689 978 804 1055 οἰκιῶν,
831 976 987 1062 άγσμένας
1010 991 1160 1062 γυναῖκας
1181 981 1234 1044 καὶ
1250 980 1371 1056 παῖδας

246 1087 290 1162 εἰς
313 1085 459 1150 δουλείαν
474 1109 551 1171 sqq.,
586 1087 697 1151 Theon
720 1087 829 1151 rhetor
853 1108 924 1150 cum
947 1088 1218 1152 animadvertisset
1242 1089 1372 1152 deorum

245 1187 501 1277 templorumque
530 1194 707 1258 dirutorum
741 1198 899 1258 oratorem
932 1217 995 1258 non
1027 1195 1138 1258 fecisse
1170 1196 1372 1271 mentionem,

246 1306 319 1385 post
334 1299 506 1387 ἐμπρήσεις
523 1300 631 1364 οἰκιῶν
646 1301 779 1366 inseruit
794 1302 891 1366 verba
907 1300 974 1387 λερδ
991 1303 1165 1383 συλώμενα,
1190 1325 1255 1366 non
1278 1303 1372 1386 plane

247 1409 352 1492 inepte
368 1431 471 1500 neque
488 1408 571 1472 enim
587 1408 718 1492 negabis
741 1407 847 1472 locum
870 1408 954 1472 hunc
971 1409 1064 1472 etiam
1083 1409 1197 1473 additis
1213 1410 1251 1472 iis
1268 1410 1372 1473 verbis

248 1517 327 1578 bene
350 1537 418 1579 sese
441 1515 571 1591 habere,
603 1519 634 1578 at
662 1515 801 1598 genuina
823 1536 887 1578 non
912 1536 977 1578 esse
1005 1515 1120 1599 probat
1143 1537 1213 1579 cum
1239 1517 1372 1580 oratoris

249 1623 391 1687 codicum
425 1644 594 1686 consensus
626 1625 695 1685 tum
729 1621 928 1686 Herodianus
960 1623 1068 1686 rhetor
1101 1623 1156 1705 qui
1189 1623 1285 1686 verba
1317 1623 1373 1687 illa

249 1730 363 1794 omisit.
396 1752 443 1813 pr.
473 1736 535 1793 257
567 1719 748 1793 Alexander
774 1731 885 1793 rhetor
911 1751 970 1812 pro
994 1730 1160 1793 Aeschinis
1189 1730 1251 1792 τῶν
1279 1729 1373 1815 διορυ-

249 1837 439 1922 δοκημάτων
460 1834 548 1921 αὕτη]
571 1837 667 1901 habet
682 1858 734 1921 pg.
751 1843 829 1900 444:
846 1833 934 1920 αὕτη]
949 1835 1004 1920 τῆς
1020 1835 1212 1921 δωροδοκίας
1232 1858 1283 1920 pg.
1295 1844 1373 1901 448:

250 1941 350 2006 αδτοῦ
372 1943 436 2007 τῶν
459 1942 732 2028 δωροδοκημάτων
755 1949 786 2007 et
809 1965 855 2027 pr.
873 1949 936 2007 258
961 1965 1019 2026 pro
1044 1941 1253 2028 ἐπερωτῶντα
1279 1966 1374 2027 quam

249 2051 337 2114 verbi
360 2051 496 2114 formam
521 2056 647 2135 praeter
663 2050 854 2114 Aeschinem
869 2051 937 2131 ipse
953 2073 1080 2134 quoque
1097 2051 1225 2114 exhibet
1240 2073 1293 2135 pg.
1311 2043 1372 2114 448

249 2180 301 2242 pg.
327 2165 390 2222 444
415 2155 589 2242 ἐπερωτᾶν.
624 2182 670 2241 pr.
697 2163 759 2222 152
783 2159 817 2220 in
840 2156 1006 2222 Aeschinis
1035 2159 1195 2222 codicibus
1224 2163 1327 2222 exstat
1350 2149 1375 2220 ul

209 2291 215 2301 ⁸
250 2263 333 2350 πρὸς
364 2265 422 2346 μὲν
454 2263 494 2328 τά
527 2265 653 2346 μεγάλα
682 2265 736 2327 καὶ
764 2263 926 2328 σπουδαῖα
955 2263 1031 2348 (τῶν
1058 2267 1273 2348 πραγμάτωνε
1307 2265 1375 2328 add.

251 2393 274 2434 c.
292 2372 321 2436 d.
336 2371 359 2436 f.
376 2393 404 2454 q.
421 2371 529 2457 Barb.)
554 2371 686 2434 πάντιον
702 2370 791 2455 (τῶνε
815 2371 919 2456 amn)
941 2367 1127 2455 άνδριάπων
1150 2368 1374 2456 άχρηστάτατε,

252 2475 336 2563 πρὸς
359 2476 394 2541 δὲ
416 2475 473 2562 τὴν
496 2475 528 2541 ἐν
543 2489 610 2554 τοῖς
633 2477 742 2561 λόγοις
757 2469 880 2558 τόλμαν
895 2478 1159 2559 θαυμασιώτατε,
1185 2500 1265 2560 quae
1280 2479 1377 2542 rerba

253 2590 383 2668 propter
406 2585 531 2670 insigne
554 2585 636 2650 illud
658 2585 936 2650 homoeoteleuton
960 2586 1134 2649 afferuntur
1154 2585 1377 2660 amatoribus,

252 2693 306 2756 sed
330 2694 456 2757 attende
480 2715 576 2776 quam
599 2693 808 2777 neglegenter
831 2715 926 2776 quam
949 2693 1060 2768 libere3
1090 2693 1270 2757 Alexander
1294 2692 1377 2756 euim

252 2799 363 2863 habet:
392 2789 418 2861 ιδ
446 2798 528 2885 πρὸς
556 2799 614 2880 μὲν
641 2799 682 2863 τά
711 2800 837 2883 μεγάλα
860 2799 924 2862 τῶν
951 2797 1050 2883 ἔργων
1073 2797 1229 2862 ἁπάντων
1252 2796 1378 2882 άνθριά-

253 2927 326 2968 πων
349 2903 575 2991 άχρηστότατε,
600 2905 684 2991 πρὸς
707 2905 741 2969 δὲ
764 2905 820 2990 τὴν
843 2903 875 2970 ἔν
902 2905 1010 2989 λόγοις
1037 2906 1161 2987 τόλμαν
1188 2907 1378 2987 θαυμασιιά-
1465 2924 1470 2931 ·

254 3035 339 3088 τατε,
365 3011 519 3076 Zonaeus:
543 3003 569 3076 ῶ
591 3012 649 3094 μὲν
671 3009 727 3076 ἐπὶ
750 3010 791 3075 τά
814 3012 940 3096 μεγάλα
963 3011 1027 3074 τῶν
1049 3009 1147 3097 ἔργισν
1163 3009 1378 3098 ἀχρηστότατε

256 3143 334 3204 sqq.‚
357 3120 466 3183 rhetor
490 3142 649 3203 anonym:
674 3109 699 3182 ιδ
723 3121 798 3205 περὶ
821 3118 880 3200 μὲν
902 3117 1000 3205 ἔργιον
1014 3118 1055 3182 τδι
1079 3120 1205 3202 μεγάλα
1221 3117 1293 3204 άχρ.
1311 3141 1378 3202 sqq.

254 3231 291 3290 ut
302 3228 491 3291 Alexander.
525 3226 653 3310 Optime
669 3227 795 3310 quidem
812 3226 909 3290 verba
924 3227 1041 3290 tradita
1057 3232 1130 3292 sunt
1146 3228 1186 3291 ab
1196 3226 1379 3291 Alexandro

255 3333 311 3417 qui
334 3335 395 3398 tria
411 3334 565 3398 vocabula
582 3334 702 3398 omittit
722 3339 754 3398 et
777 3356 835 3419 pro
859 3334 991 3397 πάντιον
1012 3334 1110 3398 habet
1133 3331 1297 3408 drudorum,
1321 3355 1380 3417 pro

256 3440 514 3525 πραγμάτιον-
530 3438 638 3526 ἔργων.
692 3441 783 3518 Quod
817 3463 887 3504 cum
921 3445 952 3504 et
984 3440 1186 3524 πραγμάτιον
1220 3444 1250 3502 et
1282 3437 1381 3523 ἔργων

256 3553 425 3632 utrumque
454 3548 635 3612 coniectura
662 3549 808 3612 videatur
840 3552 949 3611 natum
979 3569 1045 3610 esse
1074 3546 1149 3632 (τῶν
1181 3545 1381 3630 πραγμάτιον

257 3655 396 3718 enimin
425 3655 502 3719 solis
526 3656 563 3718 cd
587 3655 632 3739 fq.
657 3654 751 3718 Barb.
776 3655 863 3718 codd.
888 3653 1040 3718 traditum
1063 3655 1150 3718 deest
1178 3654 1212 3717 in
1235 3652 1381 3717 omnibus

258 3763 422 3846 utriusque
445 3762 637 3826 recensionis
661 3761 751 3825 libris
767 3763 853 3846 mss.)
870 3760 1014 3825 rhetores
1031 3763 1136 3825 autern
1153 3782 1255 3844 neque
1272 3761 1379 3823 eodem

258 3891 367 3933 omnes
394 3869 465 3933 loco
489 3869 645 3933 vocabula
672 3868 736 3931 τῶν
763 3866 862 3953 ἔργων
889 3872 1011 3950 ponant
1039 3890 1140 3951 neque
1168 3889 1225 3952 per
1249 3890 1282 3930 se
1306 3866 1382 3931 satis

258 3976 347 4061 digni
373 3975 438 4040 sint
461 3998 596 4060 quorum
622 3975 697 4040 solis
727 3974 915 4039 testimoniis
938 3975 1032 4038 fidem
1060 3974 1247 4050 habeamus,
1275 3973 1382 4037 viden·

259 4085 334 4148 dum
357 4088 429 4148 utra
451 4083 548 4148 lectio
564 4083 606 4146 sit
629 4082 833 4168 probabilior.
873 4081 965 4146 Prior
981 4082 1073 4146 alteri
1089 4083 1190 4146 multo
1214 4085 1383 4164 propterea

258 4192 477 4275 praeferenda,
506 4191 590 4274 quod
615 4195 646 4254 et
674 4212 731 4274 per
753 4213 786 4254 se
809 4190 883 4254 huic
910 4191 982 4254 loco
1006 4190 1160 4274 πράττειν
1183 4188 1272 4252 verbi
1294 4189 1382 4252 notio

261 4298 425 4380 aptissima
449 4301 543 4362 estet
567 4302 641 4362 ante
658 4297 791 4360 πάντιον
806 4297 902 4360 verba
925 4295 988 4359 τῶν
1011 4296 1212 4379 πραγμάτιον
1233 4295 1384 4360 facillime
