3232 4856
700 341 920 396 „54-

246 510 303 574 illa
327 510 559 594 quinquaginta
581 511 775 575 talentorum
797 512 899 576 multa
922 511 1170 576 Atheniensibus
1193 510 1372 596 irroganda,

246 617 308 681 nisi
337 640 373 681 ea
400 617 470 701 ipsa
497 617 530 680 in
557 639 591 681 re
619 619 704 702 quod
733 623 823 683 scuta
850 619 912 682 ista
944 618 983 682 ad
1015 618 1172 702 templum
1205 617 1372 684 affixerant

247 725 336 789 nefas
363 725 414 788 'vel
442 725 543 789 scelus
573 723 701 808 aliquod
728 725 843 802 inerat;
870 745 973 809 neque
998 746 1072 788 vero
1100 726 1202 790 inerat
1229 725 1256 789 si
1284 730 1372 790 scuta

248 833 475 916 suspenderant
488 831 672 916 priusquam
686 833 841 916 templum
857 837 941 897 esset
954 832 1140 916 perfectum,
1154 832 1256 896 inerat
1270 832 1372 916 prius·

249 961 344 1022 quam
368 944 450 1004 esset
473 939 661 1005 dedicatum.
687 979 726 986 —
751 939 844 1004 Alter
867 945 914 1004 est
937 940 1025 1003 locus

337 1068 382 1138 pr.
409 1051 470 1110 241
497 1047 553 1110 ubi
574 1047 609 1110 in
631 1047 694 1110 Ah
718 1047 805 1112 etin
828 1046 965 1111 Bekkeri
988 1047 1049 1112 lex.
1073 1052 1162 1110 sexto
1177 1069 1205 1110 v.
1227 1042 1372 1126 δίκοοομα

248 1153 400 1217 traditum
411 1158 470 1218 est:
486 1153 660 1239 βαρύτερον
674 1153 738 1216 ταῖν
753 1151 852 1239 ἔργον
862 1144 905 1216 ὦν
915 1154 1133 1233 πεπόνθαμεν
1142 1150 1180 1215 τδ
1190 1149 1371 1236 οῗκρόαμαῑ)

248 1265 377 1343 γίνεται,
403 1281 474 1322 curn
496 1258 573 1322 inB
596 1281 654 1342 pro
677 1260 780 1341 prima
802 1260 934 1343 pluralis
950 1257 1078 1323 numeri
1095 1279 1230 1342 persona
1250 1259 1373 1322 ττετεόν-

247 1371 357 1448 δαμεν
380 1367 578 1431 inveniamus
602 1367 749 1443 alteram3
772 1373 896 1432 mutata
919 1373 1025 1431 autem
1040 1367 1165 1431 ridetur
1181 1390 1248 1430 esse
1271 1367 1373 1450 prima

248 1497 390 1560 persona,
414 1497 495 1557 quae
518 1474 757 1558 insequentibus
781 1475 885 1538 verbis
908 1475 1055 1555 σύνισμεν
1078 1479 1109 1538 et
1139 1478 1275 1559 φέρομεν
1298 1496 1373 1538 οοα·

248 1583 401 1660 firmatur,
423 1582 457 1645 in
480 1582 612 1647 alteram
634 1588 765 1665 propter
789 1583 975 1647 antecedens
998 1581 1189 1646 vocabulum
1212 1578 1306 1662 ὑμᾶς.

339 1688 431 1765 Quod
455 1710 527 1752 cum
549 1689 637 1753 locos
660 1690 825 1773 utriusque
848 1690 973 1774 generis
998 1689 1113 1753 allatos
1136 1689 1219 1753 iuter
1242 1710 1274 1751 se
1298 1710 1371 1752 oon-

248 1797 399 1875 feramuS,
428 1819 466 1860 ex
495 1797 594 1860 altera
621 1802 710 1880 parte
734 1801 783 1861 est
809 1820 891 1861 unus
915 1799 992 1882 (252
1023 1820 1085 1881 quo
1114 1796 1251 1881 genuina
1277 1796 1372 1860 lectio

249 1926 313 1968 non
336 1903 460 1968 videtur
483 1909 608 1968 servata
633 1906 712 1987 esse)
737 1926 775 1968 ex
797 1905 896 1968 altera
912 1885 986 1969 sunt
1002 1905 1180 1988 complures
1195 1905 1278 1967 inter
1293 1926 1373 1987 quos

250 2012 304 2094 qui
333 2016 418 2074 certo
442 2033 549 2102 veram
577 2011 739 2094 scriptoris
767 2012 934 2076 lectionem
962 2013 1149 2095 praebeant,
1178 2033 1249 2075 cum
1274 2011 1374 2075 altera

250 2119 393 2182 codicum
422 2118 532 2180 classis
564 2117 614 2181 his
642 2118 719 2200 ipsis
751 2114 830 2181 loois
862 2118 1061 2202 grammatici
1093 2118 1192 2182 libere
1219 2117 1373 2182 mutantis

249 2246 378 2306 operam
405 2247 481 2306 prae
509 2246 542 2287 se
569 2225 664 2290 ferat:
693 2246 789 2306 quare
818 2225 1051 2288 concedendum
1077 2225 1245 2289 Aeschinis
1272 2224 1371 2288 libros

250 2353 304 2395 eos
329 2331 384 2414 qui
408 2354 426 2394 a
452 2330 627 2394 lexicorum
655 2331 835 2396 auctoribus
863 2331 997 2395 adhibiti
1024 2335 1098 2395 sunt
1122 2331 1151 2395 A
1178 2332 1262 2415 quod
1291 2353 1374 2394 nunc

250 2443 354 2502 exstat
377 2438 484 2522 generi
507 2438 603 2503 fuisse
628 2438 764 2502 maxime
786 2440 989 2523 propinquos.

339 2545 529 2629 Dionysium
556 2546 869 2610 Halicarnassensem
898 2569 914 2610 e
946 2547 1098 2611 memoria
1130 2546 1374 2629 Ctesiphonteae

249 2652 345 2716 verba
368 2652 539 2736 protulisse
562 2675 628 2715 non
651 2675 689 2716 ex
713 2653 782 2736 ipso
809 2653 944 2717 oratoris
961 2654 1067 2717 codice
1087 2653 1197 2716 multis
1219 2651 1373 2737 probatur

249 2761 341 2836 locis,
370 2760 457 2822 velut
480 2782 525 2842 pr.
553 2766 591 2823 72
621 2759 676 2823 ubi
703 2782 761 2842 pro
790 2758 911 2845 εἰρήνης
939 2760 1049 2825 scribit
1077 2761 1200 2846 φιλίας,
1232 2765 1294 2823 166
1318 2759 1374 2822 ubi

250 2867 419 2931 Aeschinis
442 2867 547 2930 verbis
571 2863 807 2951 ἀνατετμήκασί
829 2890 911 2942 τινες
934 2865 975 2930 nd
999 2869 1147 2951 κλήματα
1174 2866 1232 2930 τοῦ
1261 2865 1373 2950 δήμου,

249 2972 471 3060 ’ὑποτέτμηται
495 2971 535 3036 τὰ
561 2973 653 3058 νεῦρα
669 2973 733 3036 τών
748 2975 951 3059 πραγμάτιον
966 2975 1048 3038 inter
1064 2997 1097 3038 se
1114 2974 1253 3038 confusis
1277 2972 1375 3037 habet

250 3078 469 3166 ’ὑποτέτμηται
499 3078 540 3143 τὰ
569 3079 661 3165 νεῦρα
689 3080 747 3144 τοῦ
775 3079 891 3165 δήμου,
925 3103 972 3164 pr.
1003 3086 1064 3144 142
1094 3081 1149 3143 ubi
1177 3085 1250 3144 ante
1278 3079 1375 3144 verba

250 3187 356 3262 κακῶς
384 3189 569 3266 πάσχοντας
597 3189 636 3251 de
664 3211 720 3252 suo
749 3188 877 3272 ingenio
901 3188 1024 3251 videtur
1052 3186 1201 3252 adiecisse
1224 3183 1267 3262 ὡς
1290 3183 1375 3266 ὑμᾶς

214 3302 216 3316 “
251 3291 388 3380 ὀρρωδῶ,
419 3294 502 3362 aljis:
531 3294 612 3356 nihil
634 3295 734 3378 igitur
756 3295 877 3358 minuet
900 3294 965 3357 vim
992 3294 1054 3357 loci
1078 3294 1144 3357 eius
1168 3316 1262 3376 quem
1291 3293 1375 3357 infra

250 3424 296 3484 pr.
315 3407 376 3465 167
403 3401 532 3466 allaturi
552 3423 669 3479 sumus,
693 3402 778 3485 quod
794 3401 890 3464 verba
906 3391 932 3463 ὦ
948 3398 1074 3475 κίναδος
1090 3399 1152 3464 alio
1176 3401 1247 3463 loco
1270 3399 1374 3484 posita

252 3515 326 3573 sunt
358 3510 442 3592 apud
473 3509 663 3592 Dionysium
697 3513 792 3591 atque
826 3508 1023 3573 Aeschinem.
1075 3507 1237 3571 Consentit
1269 3510 1375 3571 autern

251 3638 323 3679 cum
347 3617 446 3679 altera
470 3616 612 3679 codicum
636 3616 733 3678 classe
757 3614 806 3678 his
829 3614 922 3678 locis:

339 3744 385 3804 pr.
411 3728 474 3785 202
500 3726 571 3785 aute
596 3721 809 3806 δημοκρατίαν
833 3720 959 3784 articuli
980 3720 1084 3784 forma
1107 3721 1163 3805 τήν
1186 3721 1304 3785 tradita
1328 3723 1375 3784 est

249 3830 284 3893 in
300 3829 327 3892 B
344 3835 375 3891 et
392 3851 410 3891 a
429 3827 584 3912 Dionysio
607 3828 733 3913 (Alexd.
756 3828 922 3912 Demetr.),
948 3828 1064 3890 omissa
1086 3828 1120 3891 in
1142 3827 1182 3905 A,
1206 3828 1291 3910 quod
1314 3827 1376 3890 nisi

252 3958 355 4000 errore
378 3957 441 3998 non
464 3941 570 4018 potest
592 3937 712 4000 factum
737 3957 817 4012 esse,
840 3957 914 3998 narn
937 3935 1004 4017 ipse
1028 3957 1130 3998 sermo
1154 3933 1291 3998 Graecus
1315 3933 1375 3996 hoc

250 4043 320 4108 loco
345 4044 514 4108 articulum
538 4043 686 4126 exposcit.

412 4227 465 4234 --

342 4292 367 4359 l)
386 4291 494 4345 lexicon
512 4309 562 4360 pro
577 4285 608 4345 τὸ
621 4285 750 4362 ἀκρόαμα
763 4309 855 4346 errore
874 4291 960 4344 habet
972 4289 1062 4343 dativi
1081 4290 1207 4354 formam,
1226 4287 1376 4358 repetitam

253 4397 286 4434 ex
304 4379 394 4434 verbis
413 4379 651 4434 antecedentibus.
