3232 4856
735 1002 819 1097 Cap.
848 1004 893 1076 ll.

169 1157 170 1160 Ὺ
253 1174 491 1286 Quaeritur
511 1177 619 1278 quid
642 1177 733 1260 loci
753 1199 810 1259 ex
831 1178 1069 1261 Aeschinis
1093 1179 1375 1261 orationihus

252 1319 370 1420 apud
402 1319 518 1401 alios
551 1319 794 1420 scriptores
824 1321 1030 1422 excerpti
1059 1321 1112 1402 de
1146 1321 1376 1404 codicibus

547 1462 741 1545 oratoris
768 1484 850 1545 nos
880 1463 1079 1545 doceant.

341 1641 402 1717 oui
425 1640 593 1704 Aeschinis
622 1641 818 1704 orationibus
844 1641 1029 1724 diligentius
1058 1664 1186 1725 operam
1215 1643 1284 1719 dat,
1312 1648 1376 1706 tres

252 1747 354 1810 adhuc
378 1769 504 1811 necesse
527 1752 574 1810 est
598 1746 747 1811 adhibeat
770 1748 906 1812 oratoris
927 1749 1093 1812 editiones:
1117 1749 1263 1826 Bekkeri,
1288 1749 1376 1815 Ferd.

252 1853 417 1931 Schultzii,
439 1854 611 1918 Weidneri.
644 1853 782 1919 Bekkeri
806 1855 880 1938 quia
908 1856 1011 1940 prima
1036 1862 1067 1919 et
1090 1857 1244 1920 sermonis
1272 1859 1377 1942 graeci

252 1962 375 2046 legibus
403 1963 539 2026 maxime
566 1964 737 2045 respondet
765 1969 796 2027 et
826 1969 912 2027 certo
940 1963 1082 2028 ecdicum
1110 1964 1227 2028 iudicio
1257 1965 1377 2042 nititur,

252 2068 405 2132 Schultzii
429 2069 580 2152 quoniam
607 2068 739 2152 triginta
765 2070 832 2133 fere
856 2071 999 2134 ecdicum
1022 2071 1174 2134 lectiones
1199 2070 1378 2134 admirabili

252 2177 387 2258 quadam
411 2176 576 2260 diligentia
599 2182 630 2240 et
653 2175 808 2240 industria
831 2178 989 2241 conlectas
1013 2177 1155 2241 continet
1171 2178 1286 2260 quibus
1311 2200 1376 2240 om·

252 2284 343 2348 nibus
372 2286 498 2348 demum
526 2284 615 2348 inter¹
631 2306 664 2348 se
693 2285 817 2349 collatis
846 2285 1000 2349 librorum
1024 2285 1277 2350 Aeschineorum
1306 2307 1377 2348 con-

252 2392 333 2455 dicio
362 2397 394 2455 et
421 2390 559 2455 affinitas
587 2396 672 2455 recte
701 2396 733 2454 et
764 2392 858 2474 plane
886 2392 1034 2476 cognosci
1066 2397 1185 2474 potest,
1213 2391 1377 2455 Weidneri

253 2499 336 2580 quod
364 2522 428 2562 nna
456 2498 583 2562 firmum
613 2498 689 2580 artis
718 2499 844 2562 criticae
873 2498 1112 2562 fundamentum
1142 2521 1205 2581 quo
1234 2499 1268 2561 in
1295 2503 1377 2562 trac-

251 2605 348 2669 tando
365 2604 522 2669 Aeschine
545 2605 605 2668 niti
627 2605 785 2688 possimus
810 2605 951 2668 continet
974 2605 1007 2667 in
1023 2604 1291 2687 disputationibus
1314 2603 1377 2667 illis

253 2734 333 2794 quae
361 2711 540 2776 orationum
570 2711 760 2777 editionibus
789 2735 816 2779 a.
847 2718 930 2775 1872
965 2711 1155 2794 praemissae
1188 2717 1269 2775 sunt.
1317 2691 1406 2776 Seo'

253 2841 326 2884 cave
353 2820 438 2903 ipsas
466 2818 630 2883 Weidneri
658 2819 810 2882 editiones
844 2819 991 2883 laudibus
1024 2818 1148 2896 efferas,
1181 2819 1261 2881 nihil
1295 2819 1378 2881 enim

252 2925 380 2989 omnino
396 2925 526 3008 reliquis
550 2931 722 3008 praestant,
745 2925 790 2990 ita
806 2931 842 2989 ut
858 2925 986 2990 editoris
1004 2947 1084 3008 quae
1100 2926 1167 3008 ipse
1189 2925 1267 2989 fecit
1282 2925 1378 2989 verba

253 3038 325 3114 post
341 3032 521 3097 Bekkerum
536 3032 704 3096 Aeschinis
721 3033 879 3097 orationes
899 3033 1001 3117 magis
1018 3037 1183 3115 corruptas
1200 3054 1378 3114 essequam

254 3141 432 3204 emendatas
457 3141 559 3203 adhuc
580 3141 707 3204 valeant
731 3146 762 3204 et
785 3145 821 3205 ut
843 3141 876 3204 in
893 3140 1031 3217 Frankii
1056 3139 1218 3216 Schultzii,
1244 3140 1378 3203 aliorum

253 3247 298 3310 ita
321 3248 417 3312 etiam
440 3248 473 3310 in
497 3247 595 3331 ipsius
613 3247 768 3329 quadrent
784 3247 951 3323 editiones;
975 3247 1104 3310 mutilas
1126 3246 1209 3310 enirn
1233 3246 1378 3329 plurimis

253 3355 330 3418 locis
354 3355 450 3419 edidit
467 3355 627 3419 orationes
650 3376 753 3438 neque
770 3354 936 3418 vulnerum
959 3355 1088 3417 illorum
1109 3359 1216 3417 orator
1232 3355 1282 3417 vel
1305 3354 1379 3417 libri

253 3463 400 3540 oratoris
424 3463 479 3526 sed
503 3462 685 3546 saepissime
708 3461 776 3545 ipse
801 3462 902 3525 editor
926 3466 1121 3537 auctorest,
1146 3483 1219 3524 nam
1243 3461 1380 3525 remedia

255 3569 399 3634 adhibuit
427 3570 548 3633 mendis
577 3591 659 3652 quae
692 3592 757 3632 non
784 3570 949 3632 medentur
978 3569 1100 3633 vulneri
1130 3569 1183 3632 sed
1212 3569 1379 3633 sanitatem

254 3678 369 3742 delent.
416 3676 489 3740 Huc
517 3681 660 3761 spectant
685 3699 709 3742 e.
733 3699 763 3762 g.
788 3698 897 3740 omnes
920 3676 943 3740 ii
971 3677 1034 3739 loci
1058 3676 1173 3760 quibus
1196 3676 1294 3740 verba
1316 3681 1379 3740 tra·

254 3784 319 3848 dita
351 3785 426 3868 quia
457 3785 491 3848 in
521 3784 550 3846 A
584 3784 684 3847 classe
712 3784 774 3847 alio
805 3784 875 3846 loco
904 3783 1009 3865 posita
1036 3788 1110 3847 sunt
1138 3788 1234 3865 atque
1263 3783 1295 3847 in
1320 3783 1379 3866 Bl)

285 4079 287 4084 ,
345 4015 369 4086 1)
390 4013 472 4070 Tales
500 4014 556 4069 loci
579 4015 609 4068 in
633 4015 694 4069 sola
717 4013 917 4084 Ctesiphontea
939 4012 1121 4068 inveniuntur
1147 4013 1197 4067 148
1221 4030 1289 4081 quos
1313 4013 1381 4068 alibi

254 4103 415 4158 tractandos
437 4101 508 4156 mihi
531 4102 676 4172 proposui,
701 4120 757 4157 non
776 4101 847 4156 nihil
867 4101 941 4156 enim
960 4103 996 4155 ad
1014 4100 1138 4155 codicum
1162 4118 1264 4164 genera
1282 4101 1381 4156 melius

254 4193 447 4264 cognoscenda
471 4209 523 4246 nos
546 4191 653 4246 iuvant.
690 4191 762 4246 Nam
785 4191 821 4258 si,
845 4194 878 4245 ut
900 4209 988 4244 unum
1007 4190 1124 4245 afferam
1144 4189 1313 4260 exemplum,
1337 4207 1381 4244 eos

254 4280 330 4336 locos
355 4280 454 4362 quibus
481 4281 621 4336 adieetiva
644 4281 675 4334 in
698 4283 722 4335 A
745 4280 905 4335 recensione
929 4280 986 4334 alio
1007 4280 1070 4336 loco
1093 4279 1198 4350 tradita
1217 4282 1280 4333 sunt
1299 4283 1382 4348 atque
