3232 4856
714 239 934 297 ..54-

261 411 387 496 generis
419 410 533 494 opibus
561 411 591 475 A
624 411 734 477 classis
765 411 930 495 oppositae
962 415 1035 475 sunt
1066 410 1140 476 hae:
1170 433 1217 494 pr.
1247 417 1265 475 9
1294 407 1326 473 Α
1354 415 1385 474 et

263 517 467 584 Marcellinus
495 516 614 582 habent
641 518 732 594 τούς,
761 517 803 583 B:
834 518 909 594 τούς
936 540 980 581 τε.
1016 523 1066 582 82.
1095 518 1149 581 καὶ
1172 515 1326 581 Γανιάδαε
1353 516 1384 581 A

262 625 362 709 Harp.
390 647 464 690 om:
492 625 529 691 B.
563 630 614 689 87.
643 624 845 707 δεξιούμενος
871 629 938 690 καί;
965 625 1002 690 Β.
1030 647 1105 689 om.:
1135 624 1172 690 A.
1195 623 1383 690 Priscianus.

262 738 315 798 99.
339 727 516 817 ἅνθρωπος
539 735 571 796 et
594 729 615 794 ἃ
639 725 723 795 οἶδεν
746 736 778 796 et
800 729 938 817 αφόόραε
967 729 1006 797 Α.
1030 729 1118 797 Stob.
1142 727 1330 816 ἀνθρώπιον
1352 736 1383 795 et

261 836 285 901 d
312 829 348 902 εὖ
377 832 460 902 οἶδεν
487 843 519 903 et
545 837 699 921 μάλιοναε
727 838 764 903 Β.
795 843 868 904 101.
895 839 1027 902 πάντων
1055 842 1087 902 et
1113 835 1158 902 ἒνε
1186 837 1225 903 A.
1253 836 1384 902 Plinius,

260 941 417 1008 ἁπάντων
433 950 464 1010 et
478 942 547 1010 ε’πίε
571 945 607 1010 Β.
642 950 715 1010 116.
731 941 968 1030 ἒξαροέοασθαιι
993 944 1033 1013 A.
1048 945 1148 1029 Harp.
1164 942 1383 1030 ἐξειργάσθαι

262 1053 299 1117 Β.
326 1057 398 1120 137.
421 1052 541 1117 πάλαις
570 1051 609 1118 A.
633 1051 718 1117 Suid.
743 1073 816 1118 om:
839 1052 878 1131 Β.
907 1057 978 1116 153.
1002 1056 1181 1136 γίγνεσθαιε
1209 1051 1249 1119 A.
1272 1052 1384 1117 Alexd.

260 1163 426 1241 γενέσθαιε
453 1159 490 1224 B.
525 1164 598 1223 167.
625 1162 658 1222 τί
684 1155 779 1222 dcccc:
808 1157 848 1224 A.
871 1159 963 1223 Dion.
987 1159 1088 1225 Halic.
1113 1163 1197 1235 τίνος
1225 1156 1320 1223 dcclv:
1347 1158 1384 1224 B.

260 1263 299 1328 ed
326 1264 502 1341 θενναλούς
525 1263 714 1351 ἂφισνάναιε
742 1265 781 1330 A.
805 1265 919 1331 Alexd.
943 1282 1018 1334 om.:
1047 1266 1084 1331 B.
1110 1272 1181 1331 173.
1206 1265 1384 1342 πολιτείαςτ

262 1371 300 1437 A.
317 1371 390 1439 Joh.
406 1372 550 1437 Damaso.
566 1369 705 1448 πόλεωςι
728 1372 763 1437 Β.
783 1378 855 1438 184.
872 1373 1102 1457 epigrammata
1117 1373 1178 1436 duo
1195 1371 1382 1456 Apostolius

260 1479 360 1544 tradit
388 1480 427 1543 ad
455 1479 484 1542 A
512 1479 736 1543 recensionem.
784 1486 857 1546 202.
880 1478 937 1544 ἐὰν
964 1479 1000 1544 ds'
1022 1529 1029 1544 .
1055 1529 1063 1544 .
1089 1530 1096 1544 .
1121 1479 1296 1565 παρακαλῇ
1326 1487 1385 1566 Aq-

258 1590 420 1672 μοσθένην
449 1591 480 1651 et
507 1587 671 1672 οοφιοτήνε
699 1586 738 1653 A.
762 1586 834 1652 Joh.
864 1587 949 1668 Sicil.
974 1585 1030 1652 ἐὰν
1058 1587 1094 1651 δέ
1116 1637 1123 1650 .
1150 1637 1156 1650 .
1183 1636 1191 1650 .
1217 1590 1382 1672 Δημοσθέ-

262 1717 315 1778 νην
343 1692 518 1779 παρακαλῇ
546 1699 577 1757 et
604 1694 779 1779 κακοῦργον
807 1691 996 1780 dedecoriue:
1023 1695 1060 1759 B.
1090 1694 1221 1780 ῥήμασιε
1249 1694 1286 1762 Β.
1308 1715 1384 1759 om:

260 1800 300 1864 A.
332 1799 405 1864 Joh.
438 1799 520 1866 Sicil.
555 1807 633 1866 206:
674 1801 879 1886 παρανόμονε
917 1802 956 1868 A.
988 1801 1069 1866 Plin.
1103 1801 1310 1887 πραγματοςτ
1347 1800 1383 1866 Β.

261 1912 336 1972 241.
365 1907 595 1988 πεπόνθαμενι
627 1907 689 1972 Ah.
717 1908 817 1974 Bekk.
847 1908 907 1974 lex.
936 1909 1143 1972 πεπόνθατεε
1172 1907 1208 1974 Β.
1248 1914 1320 1972 252.
1349 1905 1383 1972 ἐκ

260 2015 336 2098 (om.
361 2013 473 2098 Harp.)
497 2015 640 2090 πλεύσας
663 2013 803 2102 ἷδιώνηςε
832 2015 893 2081 Ah.
918 2014 1017 2099 Harp.
1039 2013 1167 2101 ἰδιώτης
1194 2012 1383 2090 ἐκπλεύσαςε

261 2119 296 2186 Β.
320 2159 363 2167 -
387 2119 481 2196 Quod
508 2122 535 2184 si
556 2121 722 2205 utriusque
744 2121 869 2206 generis
897 2121 984 2185 locos
1012 2121 1240 2204 percensueris‚
1263 2120 1383 2185 videbis

259 2231 293 2290 et
324 2227 432 2310 plures
465 2249 531 2290 esse
558 2225 589 2290 A
622 2227 745 2311 generis
779 2231 810 2291 et
841 2227 991 2291 interesse
1024 2227 1157 2311 aliquid:
1194 2225 1272 2292 Loci
1301 2227 1383 2292 enim

258 2355 368 2397 omnes
396 2333 418 2397 ii
442 2333 557 2416 quibus
585 2333 612 2400 B
641 2337 763 2418 pugnat
792 2338 901 2398 contra
923 2332 955 2398 A
978 2335 1111 2398 classem
1138 2335 1219 2414 tales
1247 2340 1321 2399 sunt
1348 2339 1384 2398 ut

260 2441 293 2504 in
316 2442 347 2504 A
374 2440 468 2505 facile
496 2463 601 2505 errore
627 2440 680 2505 vel
706 2441 910 2527 neglegentia
937 2442 1059 2506 librarii
1086 2442 1255 2507 discrimen
1283 2441 1385 2526 possit

257 2552 365 2611 ortum
397 2569 477 2625 esse,
510 2570 582 2611 cum
615 2551 724 2612 contra
755 2548 866 2632 negari
898 2553 1034 2632 nequeat
1067 2570 1176 2614 eorum
1210 2548 1325 2633 quibus
1352 2548 1383 2612 A

259 2654 368 2718 classis
392 2653 522 2718 dimicat
545 2658 656 2718 contra
678 2651 706 2717 B
729 2655 904 2738 permultos
928 2676 995 2718 esse
1019 2676 1072 2719 eos
1094 2655 1209 2739 quibus
1233 2661 1384 2740 appareat

258 2761 355 2825 verba
382 2761 520 2846 genuina
543 2761 576 2823 in
599 2759 625 2823 B
649 2760 831 2824 recensione
855 2764 940 2824 certo
965 2761 1103 2843 quodam
1126 2761 1258 2826 consilio
1288 2766 1383 2846 atque

258 2869 298 2932 de
325 2866 481 2931 industria
505 2887 573 2930 esse
600 2871 731 2930 mutata.
778 2865 897 2942 Quodsi
921 2867 1100 2950 quaerimus
1126 2870 1255 2952 quinam
1283 2874 1382 2934 muta

257 2974 353 3052 verit,
380 2997 445 3038 non
468 2973 594 3037 invenio
618 2973 679 3037 nisi
703 2995 774 3037 eum
798 2973 853 3058 qui
877 2973 942 3038 sive
971 2979 1038 3038 erat
1065 2976 1290 3060 grammaticus
1318 2975 1383 3040 sive

257 3083 368 3148 rhetor
399 3083 465 3147 sive
502 3082 584 3146 alius
616 3081 643 3144 B
682 3081 791 3146 classis
823 3082 958 3146 confecit
996 3084 1254 3168 recognitionem.
1300 3082 1383 3159 Quid

256 3190 379 3274 igitur?
416 3189 493 3256 Non
515 3211 586 3254 sum
609 3193 675 3252 tam
699 3189 801 3253 audax
824 3194 861 3253 ut
883 3189 922 3254 iis
946 3212 1025 3273 quos
1055 3190 1149 3254 attuli
1177 3179 1255 3256 locis
1283 3191 1381 3256 fretus

257 3297 360 3362 ausim
384 3297 570 3363 contendere
593 3296 711 3380 ubique
735 3301 767 3360 et
789 3297 898 3380 utique
921 3298 952 3362 A
975 3319 1076 3382 genus
1093 3301 1159 3362 es'se
1179 3299 1382 3382 sequendum,

257 3406 345 3488 quod
368 3405 419 3469 vel
443 3427 511 3468 eam
536 3405 577 3468 ob
594 3425 720 3468 causam
743 3425 835 3468 nemo
859 3405 977 3488 poterit
1000 3405 1168 3484 affirmare,
1191 3407 1267 3488 quia
1289 3405 1382 3470 facile

258 3513 336 3576 satis
361 3511 455 3576 multi
478 3511 681 3575 inveniuntur
703 3511 767 3575 loci
791 3511 905 3595 quibus
921 3512 952 3575 A
976 3512 1085 3576 classis
1109 3512 1298 3596 scripturam
1322 3513 1381 3577 fal·

256 3642 325 3683 sam
353 3641 420 3683 esse
448 3641 486 3682 ex
509 3640 543 3682 re
572 3617 642 3701 ipsa
665 3621 714 3682 est
736 3618 947 3682 manifestum.
993 3617 1078 3682 lllud
1106 3623 1218 3684 tamen
1238 3642 1276 3684 ex
1303 3619 1381 3684 locis

257 3727 363 3791 allatis
391 3725 516 3789 videtur
543 3725 622 3788 mihi
651 3725 801 3808 consequi
830 3725 859 3788 A
892 3725 1016 3809 generis
1044 3725 1141 3790 verba
1168 3727 1315 3791 omnibus
1341 3725 1381 3790 iis

256 3834 336 3899 locis
360 3832 497 3917 genuina
521 3834 656 3897 oratoris
680 3832 768 3898 attici
792 3854 859 3896 esse
883 3832 1091 3898 existimanda
1114 3833 1229 3917 quibus
1252 3834 1285 3898 id
1301 3854 1380 3918 quo-

255 3941 361 4005 minus
385 3962 567 4004 censeamus
591 3962 692 4023 neque
709 3939 860 4004 orationis
885 3945 1071 4024 argumento
1095 3963 1198 4025 neque
1221 3963 1255 4005 re
1278 3961 1381 4024 neque

256 4047 535 4134 grammaticorum
568 4047 692 4132 legibus
724 4069 827 4131 neque
859 4047 1017 4130 scriptura
1048 4047 1251 4131 impedimur,
1284 4070 1381 4132 quare

257 4154 405 4220 omnibus
428 4154 467 4219 iis
490 4154 568 4218 locis
592 4154 648 4219 ubi
671 4159 702 4218 et
719 4153 749 4218 A
765 4158 797 4218 et
812 4153 840 4217 B
856 4154 1012 4238 scriptura
1035 4176 1092 4238 per
1111 4177 1145 4218 se
1167 4154 1244 4217 ferri
1267 4159 1382 4238 potest,

255 4263 323 4326 sine
346 4262 413 4326 ulla
437 4262 633 4327 dubitatione
650 4262 816 4327 statuenda
831 4261 859 4326 B
882 4261 1006 4346 generis
1021 4261 1201 4343 corruptela
1216 4261 1268 4325 vel
1284 4261 1381 4326 inter-
