3232 4856
706 311 926 366 ..53-

254 476 351 556 άλλος
374 478 477 556 οὐδεὶς
501 477 630 565 (attelae
654 503 715 546 om.
732 481 829 565 Suid.)
854 483 991 547 πώποτε
1015 481 1377 569 salvationemque,

254 593 366 653 contra
389 587 423 652 in
446 588 473 651 B
497 608 613 673 genere
637 588 743 652 πάλαι
759 610 821 653 vox
837 589 962 667 omissa,
985 611 1066 674 quae
1081 610 1131 654 res
1153 589 1248 654 facile
1271 580 1387 674 gram-¹

252 694 362 760 matici
390 716 504 779 operae
528 695 660 760 debetur
688 695 742 780 qui
770 697 877 760 πάλαι
904 696 984 760 illud
1011 697 1101 762 iuxta
1124 697 1262 760 πάποιε
1285 718 1378 761 voca-

252 803 366 866 bulum
388 801 527 886 positum
550 824 816 886 supervacaneum
839 826 907 868 esse
934 809 1022 869 ratus
1047 804 1167 883 omisit,
1196 826 1379 889 quanquam

254 909 487 973 concedendum
517 909 658 993 potuisse
687 909 782 973 etiam
814 909 922 974 facile
940 911 1061 976 scribae
1089 912 1253 975 oculorum
1284 910 1377 993 lapsu

254 1020 326 1080 ante
350 1013 498 1102 πονηρῶν
519 1004 717 1093 intercidere.

180 1199 181 1202 ρ
342 1145 388 1206 pr.
417 1128 481 1186 252
510 1123 544 1186 in
571 1122 634 1187 Ah
662 1128 694 1188 ct
726 1125 810 1207 apud
842 1124 940 1208 Harp.
974 1125 1126 1208 scriptum
1157 1125 1299 1189 videmus
1330 1121 1378 1188 ὲκ-

253 1229 396 1304 πλεάσας
420 1228 547 1314 (Harpa
575 1229 730 1314 πλεύσας)
753 1227 882 1315 ἰδιώτης
904 1229 949 1306 εἰς
975 1227 1094 1306 Ῥόδον,
1122 1231 1156 1295 in
1179 1230 1221 1295 B:
1249 1229 1378 1316 ἰδιώτης

252 1333 430 1412 εἰιπλεάσας
457 1334 503 1411 εἰς
525 1332 644 1412 Ῥόδον,
674 1359 756 1420 quae
779 1338 947 1402 verborum
970 1337 1106 1402 inversio
1135 1338 1217 1402 redit
1243 1338 1377 1402 fortasse

254 1443 292 1506 ad
321 1443 348 1506 B
376 1442 567 1508 recensionis
596 1447 769 1522 auctorem,
797 1443 849 1508 cui
875 1467 1024 1510 numerus
1047 1445 1102 1510 ille
1125 1445 1299 1529 dactylicus
1322 1445 1378 1529 qui

253 1549 356 1614 verbis
378 1550 412 1614 in
427 1551 458 1614 A
480 1570 595 1634 genere
618 1552 743 1616 traditis
767 1551 849 1616 inest
864 1552 1059 1637 displicebat,
1083 1575 1177 1636 quem
1193 1558 1229 1617 ut
1245 1553 1378 1617 evitaret

253 1658 350 1721 verba
372 1657 578 1741 transposuit.

342 1765 462 1842 Quodsi
486 1764 541 1828 alii
568 1765 630 1829 loci
654 1771 815 1830 exstarent
838 1766 932 1844 nulli,
959 1766 1114 1832 incertum
1141 1770 1282 1830 maneret
1304 1771 1378 1831 utra

254 1871 397 1936 codicum
425 1872 535 1936 classis
567 1873 786 1957 praeferenda;
818 1875 920 1956 possis
954 1873 1037 1938 enim
1070 1875 1194 1938 credere
1221 1873 1377 1938 vocabula

253 1979 309 2042 illa
340 1978 374 2041 in
402 1978 429 2042 B
462 1999 577 2062 genere
606 1979 722 2043 omissa
752 1980 801 2044 vel
832 1979 1024 2064 transposita
1056 1981 1156 2044 redire
1184 1982 1224 2044 ad
1254 1979 1377 2044 librarii

253 2084 489 2170 neglegentiam
517 2086 632 2164 solam,
664 2086 812 2170 primitus
840 2108 916 2150 vero
945 2086 1041 2150 etiam
1071 2087 1105 2150 in
1136 2087 1197 2151 hac
1225 2087 1376 2151 orationis

254 2191 433 2258 recensione
457 2210 515 2257 suo
538 2193 610 2258 loco
633 2193 738 2259 fuisse,
778 2195 869 2272 Quod
892 2216 932 2258 ne
955 2195 1064 2258 credas
1085 2195 1146 2258 duo
1163 2193 1291 2258 obstant
1313 2193 1377 2258 loci

254 2320 333 2382 quos
361 2300 400 2363 ad
428 2298 456 2362 B
485 2299 710 2384 recognitionis
740 2305 902 2365 auctorem
928 2301 1033 2385 ipsum
1060 2302 1161 2366 redire
1188 2299 1299 2386 negari
1322 2322 1376 2364 ne·

254 2406 334 2488 quit,
356 2428 430 2470 nam

342 2536 388 2597 pr.
415 2518 477 2578 116
502 2515 535 2578 in
559 2515 616 2578 Ah
640 2519 672 2578 et
695 2515 779 2598 apud
803 2514 958 2598 Harpocr.
986 2515 1136 2580 traditum
1160 2515 1307 2609 videmus,
1326 2512 1376 2579 ὅτι

255 2620 370 2706 χρυσᾶς
393 2616 534 2697 ἀσπίδας
557 2617 714 2702 ἀνέθεμεν
737 2620 820 2709 πρὸς
842 2620 898 2687 τὸν
920 2621 1029 2686 καινὸν
1058 2620 1135 2686 νειδν
1161 2624 1238 2707 πρὶν
1264 2619 1376 2707 ἐξαρά-

254 2727 414 2812 σασθαιῙ),
439 2749 511 2792 cum
534 2727 561 2791 B
585 2727 710 2812 generis
734 2727 857 2794 codices
880 2750 937 2813 prc
961 2725 1183 2815 ἓξαράσασθαι
1207 2727 1377 2793 exhibeant

254 2831 471 2920 ἐξειργάσθαι.
505 2836 566 2900 hoc
599 2841 704 2901 autem
732 2857 799 2900 esse
831 2835 947 2900 falsum
979 2835 1058 2900 illud
1089 2858 1197 2901 verum
1229 2859 1267 2900 ex
1298 2835 1376 2920 ipsis

254 2943 388 3006 cratoris
412 2942 516 3007 verbis
540 2944 652 3021 elucet,
676 2965 768 3007 nemo
793 2944 877 3008 enim
900 2944 1006 3028 potuit
1029 2944 1169 3029 cogitare
1184 2945 1223 3008 de
1239 2943 1377 3008 maxima

343 3137 368 3205 1)
388 3135 484 3206 Neque
503 3135 655 3208 quidquam
677 3137 763 3191 refert
776 3167 809 3176 -
823 3138 897 3205 quod
916 3137 984 3191 alh
1003 3137 1081 3191 codd.
1105 3155 1156 3207 pro
1178 3133 1248 3209 πρός
1269 3137 1376 3192 habent

254 3223 304 3289 εἰς,
324 3224 471 3296 permultis
485 3225 559 3280 enim
577 3225 645 3280 locis
658 3242 676 3278 a
694 3224 815 3280 librariis
833 3226 1054 3296 praepositiones
1065 3227 1141 3281 inter
1153 3244 1181 3281 se
1200 3229 1376 3296 permutatae

253 3315 325 3380 sunt,
348 3315 397 3369 cfr.
421 3330 443 3370 e.
467 3331 494 3384 g.
517 3332 559 3384 pr.
583 3314 618 3368 30
639 3313 689 3367 ubi
712 3331 728 3368 e
750 3313 837 3368 habet
855 3307 918 3378 ἀπό,
943 3318 1021 3370 cett:
1046 3309 1108 3385 ὑπὸ,
1128 3315 1161 3369 87
1181 3333 1209 3368 a:
1229 3314 1275 3379 εἰς,
1295 3319 1375 3371 cett:

253 3398 306 3458 ἐπί.
326 3403 361 3473 II,
386 3404 438 3458 169
457 3421 484 3458 a:
509 3399 562 3467 aar,
582 3405 660 3458 cett:
685 3397 747 3458 ὑπὸ.
766 3404 786 3467 Ι,
808 3404 858 3457 189
876 3404 962 3473 glp:
986 3400 1039 3468 ἐπί,
1059 3407 1138 3458 cett:
1162 3406 1233 3476 περί.
1256 3405 1303 3474 ΙΗ,
1327 3407 1374 3460 63:

252 3492 289 3547 A:
314 3486 359 3556 ὠς.
382 3492 418 3546 Β;
443 3490 521 3564 πρὸς,
545 3493 588 3547 70.
606 3493 648 3565 lA:
672 3491 879 3564 παραγενέσθαι
902 3491 1162 3562 κατασκευάζοντες,
1185 3493 1220 3547 B:
1244 3493 1376 3562 γενέσθαι

252 3579 517 3652 παρασκευάζοντες,
541 3582 598 3638 alia
620 3583 717 3636 multa.
738 3614 771 3623 --
794 3582 868 3651 quod
891 3583 910 3635 k
935 3584 1020 3638 codex
1042 3579 1235 3655 ἐξαρέσασθαι,
1258 3584 1290 3638 h:
1314 3579 1375 3650 ἐξά-

252 3673 355 3739 ρασθαι
373 3671 514 3738 exhibent,
533 3670 631 3741 nequit
648 3671 724 3727 enim
745 3670 869 3726 dubitari
881 3671 949 3740 quin
962 3689 995 3727 ex
1007 3689 1073 3727 vcra
1083 3673 1175 3727 forma
1187 3669 1375 3744 ἐξαράσασθαι

250 3759 350 3814 leviter
368 3763 478 3814 tantum
496 3764 627 3830 corrupta
645 3764 713 3815 nata
732 3761 835 3814 sint-
849 3762 923 3830 quod
942 3761 972 3815 in
989 3761 1076 3831 Harp.
1094 3762 1146 3816 lex.
1165 3779 1216 3832 pro
1229 3756 1374 3832 ἀνέθεμεν,

251 3848 326 3916 quod
348 3847 507 3917 insequenti
525 3850 610 3904 verbo
633 3845 832 3920 ἐπεγράψαμεν
851 3849 1072 3915 commendatur,
1095 3849 1231 3905 traditum
1254 3854 1297 3906 cst
1314 3845 1374 3905 ἀνέ-

747 3948 761 3976 κ

252 3993 335 4058 θηκε,
359 3992 456 4044 natum
478 3989 595 4045 fortasse
619 4008 653 4046 ex
676 3951 814 4059 ‹iactabar›
832 4013 863 4038 =
883 3984 1071 4060 ἀνεθήκαμεν,
1096 4008 1168 4062 quae
1185 3991 1264 4047 verbi
1285 3993 1376 4048 forma

250 4077 335 4149 Harp.
359 4081 454 4134 aetate
475 4079 557 4135 unice
581 4083 642 4135 crat
665 4080 771 4135 usitata
790 4081 917 4150 —quod
940 4079 969 4132 in
993 4080 1091 4134 ecdem
1112 4081 1202 4135 lexico
1225 4080 1288 4151 ipsa
1309 4084 1376 4152 πρὶν

251 4163 440 4238 ἐξαράσασθαι
463 4169 550 4224 verba
573 4167 675 4223 omissa
698 4173 774 4224 sunt:
800 4170 858 4225 solo
883 4169 958 4224 enim
981 4168 1088 4224 scribae
1106 4187 1198 4225 errore
1215 4169 1298 4240 (idem
1318 4187 1375 4226 vcr-

250 4257 317 4310 bum
340 4257 438 4312 statim
460 4257 562 4314 iterum
586 4258 721 4330 sequitur)
744 4257 917 4314 intercidisse
940 4257 1022 4313 initio
1044 4258 1131 4328 ipsius
1158 4259 1239 4314 huius
1266 4259 1375 4330 glossae

251 4345 403 4401 certissime
422 4347 607 4402 continuatur.
