3232 4856
705 258 926 314 -73-

254 430 360 493 omnia
384 452 565 513 quanquam
589 430 773 512 probantA
796 430 922 513 generis
946 430 1085 493 codicem
1108 451 1175 494 esse
1191 429 1378 507 adhibitum,

252 543 360 600 tamen
391 537 473 602 nihil
505 559 563 601 nos
596 538 719 614 iuvant,
753 537 827 620 quia
859 536 952 620 Greg.
981 536 1051 601 (ior.
1086 542 1219 600 exeunte
1252 537 1378 600 demum

252 644 360 707 floruit
383 643 568 708 duodecimo
592 645 718 708 saeculo
743 647 774 707 et
801 644 888 707 locos
913 644 1027 708 allatos
1051 666 1088 707 ex
1116 644 1186 728 ipso
1211 642 1378 707 Aeschinis

254 751 361 814 codice
377 773 441 814 non
459 772 496 813 ex
514 751 577 814 alio
593 751 681 814 fonte
697 751 869 815 vetustiore
885 751 1000 828 hausit,
1024 773 1105 833 quae
1121 773 1171 814 res
1186 751 1225 814 iis
1242 751 1379 813 maxime

254 857 458 921 confirmatur
486 857 563 921 locis
592 879 672 940 quos
700 857 749 920 bis
778 857 869 921 affert
897 858 1037 936 eosdem,
1066 857 1153 922 velut
1180 881 1225 942 pr.
1252 864 1292 920 52
1322 857 1378 920 ubi

253 964 360 1046 priore
382 965 453 1028 loco
478 986 571 1047 quem
589 987 627 1028 ex
643 964 712 1048 ipso
729 964 866 1028 oratoris
890 964 973 1030 libro
991 964 1184 1048 deprompsit
1200 963 1230 1027 A
1247 965 1378 1044 classem

254 1071 396 1153 sequitur
424 1093 496 1134 cum
523 1071 702 1154 paullulum
731 1071 814 1134 infra
842 1071 980 1136 eiusdem
1010 1072 1072 1135 loci
1099 1072 1195 1135 verba
1224 1072 1378 1154 quaedam

253 1177 297 1240 sic
321 1177 432 1252 afferat
454 1182 490 1241 ut
512 1179 629 1242 tradita
652 1186 726 1242 sunt
742 1180 826 1263 apud
843 1177 1077 1262 Hermogenem
1093 1200 1187 1261 quern
1203 1177 1378 1261 exscripsit.

342 1284 550 1368 Reliquorum
571 1285 714 1349 locorum
739 1307 810 1348 cum
834 1287 863 1349 A
887 1306 1000 1370 genere
1024 1290 1203 1370 congruunt
1225 1285 1273 1348 hi:

264 1456 271 1470 ,
341 1413 387 1473 pr.
418 1398 436 1453 2
467 1389 616 1474 Hermog.
646 1393 691 1475 (et
719 1391 826 1476 areg.)
860 1413 930 1454 cum
959 1392 989 1456 A
1021 1392 1131 1455 habet:
1165 1391 1193 1454 οἱ
1225 1390 1378 1468 εἰωθότες

253 1499 342 1580 λόγοι
370 1499 522 1581 λέγεσθαι
551 1497 606 1562 ἐπὶ
635 1511 701 1575 τοῖς
729 1499 891 1584 δημοσίοις
918 1497 1037 1582 άγτῦσιν
1065 1497 1121 1562 οὐκ
1145 1499 1203 1564 εἰσὶ
1235 1500 1378 1582 ψευδεῖς·

254 1605 285 1667 αἱ
314 1603 375 1689 γάρ
403 1603 484 1668 ἴδιαι
512 1603 632 1690 ἔχθραι
660 1604 767 1670 πολλὰ
797 1607 886 1669 πάνυ
914 1606 977 1669 τιῦν
1006 1605 1118 1669 κοινιῦν
1147 1604 1376 1691 ἐπανορθοῦσι,

255 1734 326 1774 cum
350 1712 376 1774 Β
401 1735 459 1796 pro
483 1710 539 1775 ἕπτ’
561 1713 678 1777 habeat
701 1711 733 1776 ἐν
756 1717 788 1778 et
810 1735 868 1797 pro
892 1711 1111 1797 ἐπανορθοῦσι
1134 1713 1269 1778 formam
1289 1714 1379 1777 verbi

253 1819 419 1883 medialem
451 1817 721 1906 ἐπανορθοῦνται.
769 1821 902 1885 fluxitne
934 1821 1033 1906 igitur
1065 1821 1118 1884 hic
1156 1822 1245 1885 locus
1278 1844 1316 1884 ex
1349 1821 1378 1884 A

253 1925 456 1992 recensione?
488 1925 561 1990 Non
594 1932 733 2005 constat,
765 1951 839 1992 narn
871 1927 1160 2011 praepositionibus
1192 1928 1378 2010 permutatis

253 2030 333 2095 nihil
358 2055 424 2095 esse
447 2033 648 2096 tribuendum
673 2034 797 2117 saepius
821 2057 917 2117 supra
939 2034 1089 2111 vidimus,
1116 2031 1378 2118 ἐπανορθοῦνται

254 2142 359 2202 autem
383 2161 488 2203 errore
511 2145 621 2203 natum
638 2163 705 2205 esse
722 2164 761 2205 ex
777 2139 1015 2225 ἐπανορθοῦσιν
1038 2142 1141 2204 forma
1157 2142 1378 2224 compendiose

255 2246 371 2329 scripta
386 2246 650 2311 verisimillimum
666 2253 727 2312 est:
750 2249 858 2332 itaque
874 2248 963 2311 nulla
986 2248 1060 2312 huic
1084 2248 1155 2312 loco
1172 2248 1256 2312 inest
1272 2252 1378 2311 aucto-

254 2351 344 2416 ritas!
382 2377 427 2436 pr.
464 2360 526 2418 116
560 2355 669 2419 rhetor
701 2378 875 2438 anonymus
909 2378 979 2420 cum
1013 2358 1042 2419 A
1074 2356 1171 2421 habet
1204 2355 1379 2440 praesentis
1433 2415 1437 2424 ,
1466 2394 1468 2399 ·

255 2459 405 2543 tempolis
433 2460 569 2524 formam
601 2461 747 2524 λείπεται
776 2484 847 2526 cnm
874 2463 907 2526 in
936 2463 962 2526 B
995 2463 1170 2544 perfectum
1201 2468 1301 2526 exstet
1332 2463 1380 2525 λε’-

255 2567 395 2630 λειπται.
436 2569 490 2632 sed
513 2591 553 2632 ne
576 2569 636 2631 hoc
660 2569 787 2651 quidem
803 2569 910 2653 magni
933 2569 1119 2647 faciendum,
1142 2569 1275 2653 perfecti
1296 2570 1380 2632 enim

255 2676 378 2757 tempus
403 2677 434 2737 et
456 2674 530 2737 huic
553 2675 624 2738 loco
649 2676 768 2758 optime
790 2676 966 2757 respondet,
990 2698 1087 2758 quare
1111 2698 1167 2739 suo
1184 2677 1251 2739 iure
1269 2699 1287 2738 a
1302 2676 1377 2740 viris

256 2781 356 2844 doctis
379 2786 541 2864 receptum
565 2786 620 2860 est,
644 2785 676 2845 et
699 2782 872 2864 praesentis
895 2782 1015 2845 formae
1039 2781 1235 2846 simillimum
1252 2787 1308 2861 est,
1331 2783 1357 2846 it

255 2892 291 2950 ut
318 2889 368 2951 vel
397 2910 465 2951 eam
494 2890 534 2952 ob
564 2881 690 2953 causam
718 2889 810 2953 facile
838 2890 979 2972 potuerit
1007 2890 1193 2972 permutari,
1222 2891 1310 2954 euius
1333 2890 1379 2954 rei

257 2995 401 3077 exempla
432 2996 464 3058 in
496 2996 574 3079 ipsis
602 2996 769 3060 Aeschinis
802 2997 963 3061 codicibus
995 2997 1199 3062 inveniuntur
1231 2997 1378 3080 plurima,

257 3101 317 3163 nisi
345 3103 430 3183 quod
458 3103 643 3186 plerumque
672 3125 735 3166 non
762 3102 895 3185 perfecti
923 3103 977 3167 sed
1006 3103 1116 3166 aoristi
1144 3110 1176 3166 et
1205 3103 1380 3186 praesentis

257 3207 408 3289 temporis
434 3207 554 3272 formae
581 3209 664 3272 inter
687 3231 720 3272 se
742 3212 939 3292 permutatae
963 3213 1049 3285 sunt,
1079 3209 1167 3272 velut
1189 3231 1236 3291 pr.
1263 3215 1325 3272 175
1350 3209 1379 3271 A
1452 3217 1454 3222 '

258 3317 288 3376 et
320 3312 499 3378 Alexander
531 3316 639 3379 rhetor
670 3315 788 3379 habent
820 3312 1079 3397 Ιὑπολαμβάνετε,
1114 3315 1154 3379 B:
1188 3312 1378 3398 ὑπολάβετε,
1452 3349 1457 3361 ·

257 3443 337 3502 quae
361 3421 450 3485 verbi
472 3422 577 3487 forma
600 3423 838 3487 commendatur
861 3422 1056 3486 antecedenti
1084 3421 1270 3507 παράσχητε
1292 3444 1378 3486 voce.

346 3552 391 3612 pr.
422 3534 462 3594 13
491 3530 529 3592 A.
558 3530 704 3613 Sopater,
737 3530 865 3594 Maxim.
895 3529 984 3593 Plan.
1013 3529 1132 3592 habent
1160 3527 1235 3604 τοῦς
1263 3529 1380 3610 νόμους

257 3632 380 3710 ἔθεντο,
405 3635 445 3702 Β;
474 3635 549 3712 τοὺς
572 3637 688 3719 νόμοις
711 3634 847 3722 ἔθηκαν,
878 3658 958 3720 quae
981 3637 1137 3700 recentior
1159 3637 1248 3700 verbi
1276 3635 1381 3700 forma

258 3743 382 3825 saepius
405 3742 439 3805 in
467 3744 556 3806 libris
580 3767 652 3808 mss.
677 3768 695 3806 a
722 3744 860 3807 librariis
882 3744 1030 3808 instituta
1052 3744 1220 3808 invenitur.
1266 3765 1312 3826 pr.
1338 3749 1378 3807 52

258 3848 474 3934 Hermogenes
498 3850 595 3914 habet
619 3851 792 3936 φανήσεται
817 3841 871 3912 οὖν
895 3849 931 3913 od
955 3852 1053 3933 μόνον
1076 3872 1146 3913 cum
1163 3851 1195 3913 in
1213 3850 1380 3914 Aeschinis

258 3956 418 4019 codicibus
441 3962 543 4020 exstet
567 3954 671 4019 οὐκέτι
695 3957 801 4041 ὃηποο
825 3958 855 4020 A
879 3959 924 4042 (et
948 3958 1067 4041 Greg.):
1095 3957 1193 4037 μόνον
1221 3961 1379 4040 φαίνεται,

258 4061 284 4125 Β
308 4067 456 4147 φαίνεται
480 4063 578 4144 μόνον
594 4069 625 4127 et
641 4085 686 4147 pr.
705 4070 745 4127 69
762 4063 963 4128 Herodianus
987 4064 1084 4128 tradit
1104 4061 1295 4147 άναβησεται
1319 4061 1380 4148 γὰρ

258 4169 350 4252 δεῦρο
374 4191 445 4232 cum
468 4170 501 4232 in
524 4169 682 4233 Aeschine
705 4175 779 4253 post
802 4171 863 4255 γάρ
886 4171 1033 4235 voculam
1057 4170 1199 4234 additum
1219 4170 1381 4234 videamus

260 4276 293 4337 in
318 4276 348 4340 A
372 4297 486 4359 genere
511 4270 611 4357 οἶμαι,
636 4276 669 4339 in
693 4276 733 4340 B:
759 4274 846 4358 ἑμῑν,·
874 4277 987 4360 quodsi
1011 4276 1204 4360 quaerimus
1233 4275 1382 4360 quidnam
