3232 4856
671 212 890 268 -72-

219 383 403 465 praesertim
427 405 498 446 cum
515 383 714 447 Athenaeum
730 404 823 466 saepe
839 383 915 446 satis
931 383 1136 466 neglegenter
1152 381 1343 464 scriptorum

219 489 316 554 verba
349 490 548 572 descripsisse
580 495 716 568 constet,
749 494 841 554 antea
873 490 1066 568 monuimus,
1105 494 1215 554 contra
1246 489 1280 552 in
1311 489 1342 552 A

219 618 335 680 genere
359 597 420 660 duo
436 597 592 662 vocabula
616 602 778 662 contracta
801 598 931 662 suntin
953 620 1051 662 unum
1068 619 1148 680 quae
1170 619 1220 663 res
1240 595 1343 660 multo

221 708 268 767 est
291 703 428 788 gravior.

308 809 430 874 Plinius
459 811 550 874 affert
579 811 746 876 Aeschinis
774 812 871 876 verba
898 834 944 895 pr.
976 817 1013 876 17
1020 819 1038 874 6
1068 807 1142 875 ἀλλ’
1171 807 1279 895 ὥσπερ
1311 807 1346 873 ἐν

220 929 290 992 τοῖς
313 916 546 1003 ἱπποδρομίαις
569 916 614 994 εἰς
635 916 690 982 τὸν
713 917 771 982 τοῦ
794 919 987 1003 πράγματος
1011 916 1109 982 αότδν
1132 917 1251 1003 δρόμον
1265 915 1343 980 εἰσι·

220 1025 358 1098 λαόνετε,
384 1047 463 1108 quae
486 1026 583 1090 verba
606 1025 745 1110 eadem1)
771 1030 896 1090 exstant
918 1027 951 1089 in
975 1026 1002 1090 B
1026 1047 1140 1109 genere
1165 1047 1237 1089 cum
1259 1024 1292 1088 in
1312 1023 1341 1087 A

221 1129 318 1196 αότόν
345 1133 535 1196 vocabulum
564 1132 651 1196 desit.
701 1133 891 1197 Weidnerus
920 1133 1047 1216 quidem
1080 1133 1135 1216 qui
1161 1132 1191 1196 A
1223 1132 1344 1215 primae

221 1238 370 1302 orationis
398 1238 529 1302 classem
557 1239 796 1322 praeferendam
823 1240 982 1304 interdum
1011 1262 1078 1304 esse
1107 1239 1200 1304 alteri
1229 1242 1344 1316 censet,

221 1342 318 1409 οότδν
342 1346 543 1424 vocabulum,
572 1346 646 1428 quia
669 1347 702 1408 in
725 1347 756 1409 A
780 1347 878 1424 deest,
902 1346 1034 1424 omittit,
1057 1351 1144 1410 ratus
1169 1368 1208 1409 ex
1230 1345 1345 1410 tertiae

221 1452 373 1516 orationis
400 1473 446 1535 pr.
476 1458 539 1516 206
567 1452 731 1528 invasisse3
763 1474 828 1516 non
855 1458 952 1530 recte,
980 1475 1054 1516 nam
1082 1457 1115 1516 et
1141 1452 1236 1516 Plinii
1263 1451 1345 1529 loco,

220 1559 392 1644 genuinum
408 1582 484 1639 esse,
508 1561 712 1624 confirmatur
727 1582 828 1644 neque
845 1559 884 1623 ab
901 1559 1068 1624 Aeschinis
1084 1560 1207 1624 dicendi
1221 1558 1345 1622 ratione

221 1666 359 1731 alienum
383 1689 449 1731 esse
472 1668 541 1750 ipso
564 1667 620 1731 illo
644 1668 755 1732 tertiae
777 1667 929 1731 orationis
952 1668 1023 1731 loco
1046 1667 1209 1751 probatur,
1233 1665 1288 1730 ubi
1311 1665 1346 1729 iu

221 1774 342 1837 duabus
366 1774 535 1838 enuntiatis
559 1773 760 1852 brevissimis,
785 1795 919 1856 quorum
944 1774 1079 1837 alterum
1103 1773 1245 1856 sequitur
1266 1773 1345 1836 alte·

220 1903 300 1958 rum,
323 1881 406 1944 idern
422 1881 611 1945 vocabulum
635 1880 684 1944 bis
707 1881 849 1964 positum
872 1880 1061 1944 invenimus:
1085 1877 1129 1964 μὴ
1154 1877 1226 1942 deice
1246 1877 1348 1964 αὐτόν

289 2037 296 2050 .
326 1992 570 2073 περιίστασθαι,
601 1984 675 2051 ἀλλ’
701 2037 707 2051 .
734 2037 740 2051 .
769 2037 775 2050 .
805 1985 998 2050 εἰσελαύνετε
1027 1983 1125 2050 αὐτόν
1153 2009 1220 2070 sqq.
1249 1985 1346 2050 Plinii

220 2093 325 2180 igitur
351 2095 518 2160 Aeschinis
551 2095 631 2159 liber
663 2117 733 2158 cum
767 2095 794 2159 B
827 2097 948 2176 primae
982 2095 1132 2158 orationis
1164 2094 1347 2158 recensione

221 2203 345 2265 videtur
369 2202 558 2284 congruisse.
989 2269 993 2273 ,
1168 2185 1172 2196 ’

310 2308 456 2372 Hermiae
480 2307 571 2371 affert
593 2307 712 2390 primae
737 2307 888 2371 orationis
911 2308 1007 2371 verba
1029 2330 1075 2390 pr.
1094 2313 1154 2372 137
1174 2295 1348 2390 scribitque

221 2418 249 2481 Β
273 2417 404 2480 classem
433 2419 558 2479 secutus
586 2415 672 2489 τινά,
702 2436 773 2478 cum
796 2417 826 2478 A
855 2415 971 2478 habeat
998 2415 1102 2490 τινός,
1133 2416 1218 2498 quod
1242 2436 1348 2478 errore

222 2528 332 2587 netum
356 2545 422 2587 esse
444 2526 598 2605 probetur
621 2523 799 2606 insequenti
821 2522 976 2586 vocabulo
1000 2522 1228 2602 μισθούμενον.

311 2630 465 2694 Rhetores
497 2635 533 2692 ut
565 2630 677 2694 tertiae
709 2631 754 2694 ita
788 2629 882 2694 etiarn
915 2629 1035 2713 primae
1068 2629 1221 2693 orationis
1250 2628 1348 2692 verba

223 2738 383 2802 liberrime
411 2737 583 2819 proferunt.
629 2736 716 2801 Inter
740 2759 793 2801 eos
817 2741 923 2800 autern
952 2737 1039 2800 locos
1064 2736 1118 2820 qui
1142 2737 1181 2800 ad
1204 2736 1348 2799 codicum

224 2867 340 2929 genera
362 2843 523 2926 pertinent
547 2844 713 2908 omittendi
735 2844 889 2921 videntur,
914 2865 993 2926 quos
1016 2843 1137 2926 profert
1161 2842 1254 2926 Greg.
1277 2842 1348 2907 Gor.

225 2974 319 3036 quern
342 2950 373 3014 A
395 2950 584 3014 recensionis
607 2951 756 3014 habuisse
780 2951 918 3015 codicem
940 2950 989 3014 his
1013 2950 1165 3033 probatur
1188 2949 1280 3014 locis:

313 3081 358 3143 pr.
378 3065 393 3122 1
414 3057 506 3142 Greg.
531 3081 602 3122 cum
619 3059 649 3121 A
672 3059 768 3122 habet
791 3058 961 3143 προϊόντος
984 3055 1134 3136 ἐπιδείξω
1158 3057 1216 3120 τοῦ
1239 3057 1348 3138 λόγον,

226 3171 336 3231 contra
359 3165 399 3229 B:
424 3163 573 3244 ἐπιδείξω
597 3164 766 3249 προϊόντος
790 3163 848 3228 τοῦ
870 3165 976 3247 λόγον.
1005 3187 1063 3249 pr.
1089 3171 1107 3228 4
1133 3162 1226 3246 Greg.
1250 3168 1281 3226 et
1305 3161 1365 3226 At·

225 3273 380 3358 πρότερον
404 3278 435 3336 et
459 3272 598 3357 χρῆσθαι
622 3271 663 3336 B:
692 3269 749 3357 ἤδη
773 3272 929 3357 πρότερον
952 3277 983 3335 et
1007 3271 1203 3355 χρήσασθαι,
1235 3276 1290 3333 51:
1319 3271 1350 3334 A

227 3386 258 3445 et
282 3379 389 3464 (trega
413 3383 594 3464 παρέμεινε,
620 3402 701 3463 quae
726 3379 829 3442 forma
854 3384 923 3442 orta
938 3378 1063 3442 videtur
1079 3399 1145 3442 esse
1162 3399 1200 3440 ex
1216 3400 1253 3441 ea
1269 3397 1352 3459 quae

227 3488 331 3552 sensui
347 3487 509 3569 aptissima
526 3491 629 3551 exstat
644 3488 676 3549 in
692 3487 720 3550 B
743 3508 857 3570 genere
881 3486 1014 3566 διέμεινε
1037 3489 1167 3568 propter
1182 3484 1350 3567 insequen-

225 3600 291 3658 tem
322 3593 590 3676 praepositionem
622 3594 731 3678 παροί;
764 3594 872 3657 eadem
904 3614 950 3675 pr.
978 3594 1007 3656 A
1042 3596 1080 3662 et,
1107 3590 1199 3676 Greg.
1231 3591 1352 3654 habent

227 3691 323 3775 ίλδε,
352 3699 392 3763 Β;
422 3690 485 3784 ἧκε.
525 3723 571 3782 pr.
601 3706 641 3762 52
671 3699 701 3763 A
731 3704 761 3762 et
790 3699 896 3782 Greg:
930 3695 1018 3782 αὐτῷ
1045 3721 1101 3779 μοι
1135 3696 1220 3760 δοκεῖ
1246 3697 1374 3780 τούτῳ,

227 3804 335 3885 ἔνοχος
363 3801 458 3881 εἶναι,
488 3806 528 3872 Β;
559 3802 647 3889 οότρ]
674 3828 731 3886 μοι
759 3805 862 3888 τούτῳ
894 3803 981 3867 δοκεῖ
1009 3802 1116 3883 ἔνοχος
1143 3797 1237 3866 sicar:
1272 3825 1354 3886 quae

319 3984 345 4054 1)
364 3976 450 4036 αὐτοῦ
469 3983 542 4050 quod
561 3984 650 4036 exstat
669 3980 753 4035 inab
773 3980 913 4034 codicibus
936 3997 987 4050 pro
1006 3973 1092 4034 αὐτόν
1111 3979 1176 4048 quin
1196 3995 1213 4031 a
1236 3977 1353 4033 librario

229 4072 361 4142 seriptum
382 4071 419 4125 sit
437 4075 551 4140 propter
570 4072 736 4126 antecedens
756 4070 922 4124 vocabulum
941 4065 1105 4140 πράγματος
1125 4085 1182 4121 non
1201 4067 1353 4122 dubitabis.

228 4158 313 4230 λόγον
333 4165 427 4215 autem
445 4162 519 4228 quod
538 4160 568 4213 in
586 4161 605 4214 b
625 4159 720 4214 codice
739 4161 831 4213 exstat
849 4177 900 4230 pro
920 4155 1024 4230 δρόμον
1043 4176 1077 4213 ex
1099 4157 1199 4212 tertiae
1219 4155 1354 4212 orationis

228 4252 290 4307 loco
309 4250 374 4303 huic
392 4249 534 4305 simillimo
553 4268 594 4318 pr.
614 4251 667 4304 206
686 4249 740 4303 hue
757 4248 866 4303 videtur
884 4248 1036 4317 irrepsisse.
