3232 4856
696 243 917 300 ..74..

245 417 456 501 Hermogenis
480 420 575 500 atque
599 414 774 480 Herodiani
795 416 893 479 verba
917 416 955 479 de
978 414 1194 498 discrepantiis
1219 415 1263 478 eis
1287 437 1368 498 quae

245 525 337 588 nobis
360 525 394 588 in
417 523 584 588 Aeschinis
608 523 842 587 recensionibus
866 527 1042 600 occurrunt,
1066 543 1123 585 nos
1147 523 1293 600 doceant,
1320 544 1368 586 re·

244 631 461 714 spondendum
491 630 573 694 nihil
604 631 710 713 plane:
743 629 830 712 prior
862 630 947 694 enim
978 629 1068 693 locus
1100 628 1320 713 neglegentius
1351 651 1369 692 a

244 737 372 801 rhetore
396 742 443 801 est
466 737 639 819 descriptus
656 758 751 819 quam
776 741 811 800 ut
827 741 946 800 certum
970 735 1120 800 indicium
1143 736 1246 799 facere
1269 733 1368 818 possi-

245 865 324 920 mus,
348 844 429 907 alter
451 865 526 907 vero
550 842 595 906 ita
618 865 651 906 se
674 841 786 920 habet,
813 848 912 906 utne
936 865 954 905 a
977 842 1105 906 rhetore
1129 841 1270 925 quidem,
1294 843 1369 925 quid

245 972 355 1013 verum
388 950 430 1013 sit
463 950 627 1014 discamus.
664 949 766 1031 possis
799 949 885 1013 enim
916 949 943 1012 si
981 949 1101 1013 rhetori
1139 949 1233 1012 fidem
1271 949 1368 1014 habes

179 1120 181 1122 ,
246 1059 370 1122 credere
393 1058 454 1143 γάρ
478 1058 582 1121 solum
606 1079 672 1120 esse
695 1057 876 1140 genuinum.
915 1061 1030 1134 tamen,
1054 1056 1129 1140 quia
1144 1078 1246 1140 neque
1261 1053 1369 1120 rhetor¹

245 1165 322 1229 satis
347 1165 461 1248 dignus
486 1163 606 1250 est-cui
630 1163 689 1227 soli
713 1164 884 1241 credamus,
909 1168 940 1226 et
963 1163 1118 1227 vocabula
1140 1162 1197 1226 illa
1219 1164 1285 1226 sive
1309 1164 1369 1226 hoc

245 1271 359 1354 recipis
388 1271 453 1335 sive
480 1271 560 1334 illud
587 1271 692 1334 sensui
720 1269 883 1354 aptissima
910 1275 1050 1335 sunt-
1080 1267 1153 1351 ὑμῖν
1181 1270 1264 1333 enirn
1291 1291 1369 1334 voce

251 1375 363 1462 ,dvdg‘
396 1378 452 1442 ille
480 1376 577 1453 καλὸς
605 1375 754 1459 κάγαθός
777 1379 948 1462 opponitur
970 1377 1213 1442 Atheniensium
1241 1377 1369 1461 populu,

246 1477 337 1566 οἶμαι
366 1490 473 1549 autem
501 1485 643 1549 additum
671 1485 805 1549 ironiam
834 1507 914 1568 quae
942 1485 1015 1549 huic
1042 1486 1114 1549 loco
1144 1485 1226 1548 inest
1250 1484 1369 1568 optime

247 1597 343 1677 auget
367 1631 408 1640 -
433 1593 529 1657 verba
552 1593 668 1657 tradita
691 1615 755 1656 non
783 1593 876 1656 facile
899 1593 1063 1656 reiciemus
1087 1614 1124 1655 eo
1149 1592 1251 1656 minus
1276 1592 1368 1675 quod,

247 1701 417 1764 dummodo
441 1701 564 1764 litteras
592 1723 704 1783 parum
727 1705 871 1765 accurate
898 1700 995 1764 fuisse
1019 1722 1181 1782 expressas
1206 1701 1368 1764 credamus

245 1808 355 1892 negari
383 1808 493 1891 nequit
517 1807 652 1872 alterum
677 1831 715 1871 ex
739 1809 839 1873 altero
868 1807 961 1872 facile
987 1829 1092 1870 errore
1120 1807 1260 1890 potuisse
1285 1806 1368 1870 oriri.

336 1915 427 1979 Locis
456 1915 561 1980 allatis
586 1937 666 1999 quos
690 1915 717 1979 B
741 1916 865 2000 generis
890 1937 1086 1998 opponamus
1115 1914 1266 1978 habemns
1290 1915 1368 1978 duos

245 2045 291 2105 pr.
317 2029 335 2085 4
361 2022 416 2085 ubi
439 2023 472 2086 in
494 2020 522 2085 B
546 2022 645 2086 classe
669 2027 700 2086 et
724 2023 807 2105 apud
823 2022 1057 2106 Hermogenem
1081 2022 1233 2086 traditum
1248 2026 1296 2085 est
1312 2018 1368 2084 oda

244 2127 351 2211 ἄγνοιῦ
383 2129 417 2193 δὲ
449 2127 497 2193 ὅτι
531 2127 553 2191 ἃ
585 2129 690 2210 μέλλω
718 2127 750 2192 ἐν
777 2128 918 2213 πρώτοις
951 2131 1051 2211 λέγειν
1079 2151 1149 2192 cum
1178 2130 1208 2192 A
1236 2134 1308 2213 post
1336 2127 1371 2191 δέ

245 2237 361 2301 habeat
388 2227 414 2298 ὦ
443 2233 552 2321 ἄνδρες
579 2234 746 2321 Ἀθηναῖοι
769 2241 801 2300 et
830 2233 880 2299 ὅτι
904 2258 1014 2300 vocem
1042 2241 1139 2319 ponat
1162 2241 1236 2319 post
1258 2236 1367 2318 λέγειν,

245 2344 302 2427 qui
325 2343 482 2408 dissensus
506 2343 710 2427 gravissimus
735 2347 790 2421 est,
814 2366 887 2408 nam
904 2345 943 2408 ad
962 2345 1063 2427 ipsam
1086 2343 1295 2428 grammatici,
1319 2343 1369 2407 cui

244 2447 295 2513 ὅτι
327 2450 408 2516 illud
441 2451 480 2514 ab
514 2451 677 2515 enuntiato
710 2473 766 2516 suo
799 2452 975 2516 seiunctum
1009 2451 1208 2533 displicebat,
1240 2473 1368 2535 operam

243 2559 368 2623 videtur
390 2558 501 2622 redire.
526 2596 568 2605 —
592 2557 766 2641 Utriusque
789 2559 888 2642 igitur
915 2558 1039 2643 generis
1062 2558 1096 2620 in
1124 2562 1274 2640 promptu
1296 2560 1369 2622 sunt

243 2666 320 2744 loci,
348 2669 379 2729 et
401 2669 490 2748 patet
513 2666 619 2749 plures
644 2687 711 2729 esse
735 2666 883 2748 Aquam
907 2666 934 2729 B
958 2664 1098 2750 generis,
1127 2669 1234 2729 tamen
1257 2686 1368 2729 conce-

244 2773 389 2850 dendurn,
412 2773 440 2836 B
464 2773 595 2836 classem
619 2773 795 2838 consentire
819 2795 891 2836 cum
915 2772 1040 2836 rhetore
1065 2794 1100 2836 eo
1124 2773 1194 2854 ipso
1216 2773 1288 2836 loco
1313 2771 1366 2855 qui

243 2902 326 2944 unus
341 2890 418 2944 'non
444 2869 538 2944 facile
566 2880 687 2944 librarii
715 2881 780 2944 sive
803 2875 1024 2964 neglegentiae
1047 2879 1112 2943 sive
1141 2879 1239 2944 errori
1267 2879 1368 2963 possit

243 2986 388 3064 attribui,
416 3009 514 3070 quare
537 3009 576 3050 ne
600 2987 762 3050 rhetorum
786 2987 914 3070 quidem
941 2987 1002 3051 loci
1027 2986 1056 3049 A
1084 2987 1296 3051 recensionem
1320 2987 1367 3051 vi·

243 3094 357 3158 dentur
380 3094 458 3157 mihi
482 3095 708 3158 commendare.

332 3200 370 3265 In
393 3201 557 3285 florilegiis
580 3223 644 3264 non
667 3201 761 3266 multi
783 3202 903 3284 primae
926 3201 1077 3265 orationis
1101 3201 1163 3266 loci
1184 3201 1366 3264 afferuntur.

242 3330 288 3392 pr.
314 3314 354 3372 48
384 3308 417 3371 in
440 3308 606 3372 Aeschinis
634 3308 794 3372 codicibus
822 3309 867 3372 sic
894 3309 1042 3372 traditur:
1071 3304 1154 3371 οὕτω
1182 3305 1243 3392 γὰρ
1260 3346 1302 3355 -
1327 3307 1367 3370 B:

243 3414 391 3499 καθαρὸν
415 3414 473 3500 χρὴ
497 3413 552 3480 τὸν
574 3420 642 3497 βίον
664 3409 746 3478 εἶναι
762 3415 805 3479 A:
830 3413 888 3500 χρὴ
904 3413 1051 3500 καθαρὸν
1066 3409 1147 3478 εἶναι
1163 3412 1218 3478 τὸν
1240 3418 1308 3496 βίον
1324 3451 1368 3460 -—

242 3522 300 3585 aod
329 3526 403 3609 (orn.
431 3523 474 3607 b.)
503 3523 666 3608 σώφρονας
694 3519 806 3605 ἀνδρὸς
834 3519 912 3585 ὥστε
937 3559 977 3568 -—
1008 3522 1048 3585 B:
1077 3519 1121 3605 μὴ
1150 3521 1193 3585 A:
1222 3517 1299 3606 μηδ’
1324 3558 1367 3566 -

242 3625 453 3708 ἐπιδέχεσθαι
478 3627 575 3709 δόξαν
598 3627 703 3703 αἰτίας
726 3627 883 3712 πονηρᾶς
912 3627 1086 3692 afferuntur
1113 3629 1192 3692 haec
1214 3627 1311 3690 verba
1334 3611 1366 3690 in

240 3735 406 3820 florilegiis
423 3735 561 3814 Stobaei,
585 3735 728 3800 leidensi
745 3735 962 3820 (Monacensi),
985 3735 1031 3799 ita
1054 3736 1181 3818 quidem
1204 3739 1240 3798 ut
1263 3733 1367 3817 priore

242 3843 398 3907 enuntiati
420 3848 511 3926 parte
534 3842 733 3907 consentiant
755 3864 827 3906 cum
842 3843 872 3906 A
896 3842 996 3905 altera
1020 3865 1091 3906 cum
1107 3842 1134 3905 B
1158 3862 1282 3925 genere,
1304 3840 1366 3904 nisi

242 3950 327 4033 quod
350 3949 504 4014 Stobaeus
527 3971 585 4033 pro
608 3948 652 4035 μὴ
677 3947 780 4035 (pud)
804 3947 1014 4028 ἐπιδέχεσθαι
1038 3948 1148 4013 scribit
1175 3947 1254 4033 μηδὲ
1283 3946 1366 4026 δέχε-

241 4059 333 4130 σθαι,
358 4079 453 4140 quam
476 4078 543 4119 rem
566 4061 719 4120 nontam
748 4056 831 4119 libro
856 4077 949 4138 quem
977 4055 1121 4119 adhibuit
1145 4076 1237 4138 qnam
1267 4053 1365 4136 ipsius

242 4164 276 4228 in
304 4165 409 4228 verbis
442 4163 655 4228 describendis
687 4160 826 4227 incuriae
858 4163 925 4226 iure
957 4162 1142 4227 tribuemus,
1187 4161 1365 4245 Utramque

240 4271 340 4355 igitur
363 4272 424 4335 hoc
447 4271 517 4334 loco
543 4271 673 4335 classem
698 4292 768 4334 curn
792 4270 927 4334 testibus
950 4269 1091 4334 videmus
1108 4268 1365 4345 consentientem,
