3232 4856
715 337 936 394 „43-

261 505 452 570 recensionis
468 507 625 570 discedere
649 529 774 591 genera,
800 531 880 591 quae
904 509 966 572 sibi
990 509 1022 572 in
1039 510 1172 594 singulis
1190 498 1387 574 orationibus

262 634 327 676 non
351 617 509 676 constent:
541 612 578 676 In
602 613 803 679 Timarchea:
828 615 914 678 A:
933 615 979 680 df.
1013 615 1098 679 B=
1116 616 1206 680 abm.
1268 697 1273 704 ι

350 718 387 782 11
412 724 489 786 orat.
513 721 550 784 de
573 721 655 785 falsa
677 721 785 805 legat:
811 722 840 784 A
857 753 897 776 =
916 723 1048 809 ek1„,ss
1066 753 1105 778 =
1124 745 1216 808 agm.

351 826 388 891 In
412 827 683 912 Ctesiphontea¹):
717 828 806 892 A=
824 828 972 914 ekl(h.2).
1016 829 1097 893 B:
1116 819 1234 914 agorn.

352 934 513 998 Habemus
537 957 653 1019 genera
670 936 821 1014 codicum,
844 936 1028 1020 ignoramus
1044 941 1152 1002 utrum
1168 939 1258 1021 sequi
1274 939 1386 1002 debea-

262 1064 340 1118 mus,
364 1042 423 1105 boo
448 1042 532 1106 enim
554 1048 591 1105 ut
616 1044 847 1107 demonstraret
870 1066 934 1106 non
958 1044 1093 1128 contigit
1116 1045 1303 1121 Weidnero,
1332 1047 1386 1128 qui

261 1148 317 1211 ubi
341 1149 378 1212 de
402 1147 590 1212 Timarohea
614 1149 689 1233 agit,
713 1150 780 1232 ipse
803 1151 983 1232 profitetur:
1018 1156 1140 1229 ,utrum
1165 1173 1265 1236 genus
1288 1151 1385 1215 libro-

262 1278 331 1319 rum
356 1260 516 1339 praestare
539 1246 692 1334 videatur,
717 1257 884 1345 disceptari
908 1281 972 1322 non
995 1263 1127 1342 potest.“
1177 1258 1254 1323 Non
1282 1263 1387 1342 potest

263 1386 300 1426 ex
328 1363 404 1446 ipsis
433 1364 567 1428 oratoris
596 1365 770 1441 codicibus,
797 1388 950 1457 perquam
979 1365 1061 1430 enim
1090 1367 1182 1450 gnari
1209 1366 1387 1431 litterarum

262 1492 448 1555 graecarum
471 1471 669 1556 grammatici
686 1471 735 1535 illi
752 1472 806 1556 qui
823 1473 980 1537 orationes
1001 1478 1225 1539 recensuerunt
1241 1474 1387 1538 videntur

263 1578 375 1654 fuisse,
407 1577 452 1641 ita
481 1582 516 1641 ut
544 1579 688 1662 quamvis
717 1580 858 1643 diversae
886 1580 967 1644 inter
996 1602 1029 1643 se
1058 1581 1122 1643 sint
1155 1581 1387 1666 recognitiones

262 1690 368 1748 tamen
392 1691 504 1748 neutra
527 1687 714 1769 plerumque
737 1709 839 1770 neque
863 1687 1016 1750 sermonis
1040 1688 1145 1770 graeci
1169 1688 1388 1751 consuetudini

263 1814 364 1875 neque
392 1792 454 1874 ipsi
483 1793 590 1856 sensui
616 1793 710 1876 plane
734 1795 893 1858 contraria
916 1793 969 1870 sit,
997 1798 1101 1878 potest
1128 1795 1263 1858 fortasse
1287 1816 1325 1857 ex
1348 1795 1387 1856 iis

263 1900 340 1964 locis
364 1899 479 1983 quibus
504 1901 543 1963 ab
569 1901 639 1965 aliis
663 1900 861 1984 antiquitatis
885 1901 1091 1985 scriptoribus
1107 1900 1275 1965 Aeschinis
1290 1902 1387 1965 verba

264 2008 446 2085 offeruntur,
471 2030 566 2091 qnam
590 2030 655 2072 rem
680 2009 731 2072 hic
753 2008 846 2073 nobis
869 2009 1091 2093 proposuimus
1115 2008 1341 2073 excutiendam.

353 2114 415 2178 Sed
442 2115 629 2198 priusquam
653 2117 692 2180 ad
715 2138 782 2179 rem
804 2116 906 2200 ipsam
936 2117 1176 2200 persolvendam
1204 2116 1388 2180 accedamus

263 2223 372 2305 paucis
397 2225 554 2306 agendum
577 2224 702 2288 videtur
725 2225 762 2286 de
785 2224 824 2287 iis
847 2223 923 2288 viris
948 2223 1002 2307 qui
1026 2227 1099 2306 post
1120 2223 1326 2286 Weidnerum
1350 2224 1387 2287 de

263 2329 429 2396 Aeschinis
457 2332 547 2396 libris
576 2355 631 2397 ms.
661 2333 867 2416 scripserunt,
896 2354 1029 2416 quorum
1058 2354 1150 2396 nemo
1178 2332 1263 2396 ultra
1295 2331 1388 2395 illum

263 2438 388 2502 videtur
416 2460 602 2523 progressus
630 2461 706 2503 esse.
752 2437 988 2523 Rosenbergius
1017 2439 1100 2502 enim
1129 2433 1184 2522 qui
1211 2439 1245 2500 in
1278 2439 1389 2522 philol.

264 2546 325 2612 vol.
347 2545 470 2610 XXXV
494 2547 532 2609 de
556 2546 713 2609 Aeschine
736 2546 833 2609 verba
856 2546 946 2623 facit,
975 2546 1043 2627 ipse
1066 2566 1192 2629 quoque
1216 2545 1293 2608 duas
1322 2568 1389 2610 esse

265 2653 426 2737 archetypi
454 2653 651 2718 recensiones
675 2652 703 2716 A
729 2659 760 2718 et
784 2653 819 2729 B,
843 2658 877 2717 at
899 2653 942 2718 M.
971 2673 1070 2737 genus
1099 2675 1163 2716 non
1187 2673 1226 2714 ex
1253 2657 1389 2737 utraque

267 2782 332 2824 esse
356 2761 504 2838 mixtum,
534 2761 587 2825 sed
613 2761 729 2845 partim
753 2762 792 2824 ad
815 2762 845 2824 A
868 2759 986 2843 partim
1010 2760 1049 2822 ad
1073 2759 1100 2822 B
1124 2779 1225 2843 genus
1249 2764 1390 2843 spectare

264 2872 368 2948 putat,
396 2867 440 2931 ita
469 2873 504 2930 ut
528 2890 552 2933 e.
576 2890 605 2952 g.
634 2867 667 2930 in
695 2867 797 2951 prima
827 2867 970 2931 oratione
999 2867 1159 2932 codicibus
1186 2868 1217 2932 h.
1242 2890 1272 2950 q.
1297 2867 1390 2931 Barb.

267 2973 347 3040 Abb.
366 3005 406 3028 z
424 2975 452 3038 Ε
482 2974 568 3038 aliud
596 2996 697 3059 genus
725 2974 916 3039 recensionis
940 2974 979 3052 A,
1002 2997 1043 3039 m.
1066 2996 1097 3060 g.
1120 2975 1140 3038 l.
1165 2996 1193 3039 o.
1216 2997 1247 3058 p.
1270 2997 1286 3037 r
1304 3004 1344 3028 =
1361 2973 1390 3036 D

267 3082 351 3145 aliud
375 3103 475 3166 genus
499 3082 689 3146 recensionis
712 3082 740 3146 B
764 3082 928 3148 efficiatur.
967 3081 1058 3158 Quod
1082 3104 1154 3146 cum
1177 3087 1289 3165 pergat
1313 3103 1391 3144 non-

266 3313 337 3367 Abb.
357 3311 517 3382 saepissime
537 3311 643 3378 11111Α,
661 3328 774 3382 perraro
794 3329 856 3364 cum
874 3311 896 3364 B
915 3328 1027 3381 genere,
1047 3315 1144 3365 contra
1161 3311 1190 3381 gl
1209 3311 1316 3365 codices
1336 3329 1392 3364 sao-

266 3401 379 3470 pissime
398 3419 461 3456 cum
479 3401 502 3454 B
522 3417 634 3470 perraro
653 3417 715 3454 cum
735 3399 758 3453 A
777 3417 877 3469 genere
896 3399 1010 3454 faciunt.

357 3491 381 3561 1)
405 3489 590 3546 Veterrimum
608 3488 731 3544 codicem
748 3490 771 3542 P
789 3489 846 3560 (ΠΙ,
867 3489 1019 3559 178-186)
1038 3491 1063 3542 A
1080 3488 1191 3560 generis
1210 3507 1268 3544 esse
1290 3489 1392 3543 librum

265 3597 353 3648 neque
378 3580 477 3635 ceteris
501 3597 560 3635 1111
584 3578 728 3634 meliorem
752 3591 841 3648 neque
865 3577 1030 3633 deteriorem
1054 3578 1257 3634 demonstravit
1282 3578 1392 3648 Sauppe

265 3671 323 3739 (pg.
342 3669 403 3724 480.
423 3670 478 3740 81.)
515 3669 603 3724 immo
622 3668 661 3724 eis
680 3668 791 3723 ridetur
809 3667 922 3738 propior
941 3685 1012 3736 esse,
1032 3685 1100 3736 quos
1118 3667 1283 3742 Weidnerus
1306 3686 1392 3738 genus

265 3759 391 3829 appellat
410 3759 542 3824 mixtum3
560 3758 636 3814 idem
654 3758 729 3813 enim
742 3757 853 3828 Sauppe
871 3776 918 3828 pg.
931 3759 982 3812 481
1004 3758 1073 3813 haec
1086 3757 1209 3813 disserit:
1235 3758 1324 3823 ,Aber
1342 3758 1391 3812 das

266 3847 427 3919 Exemplar,
449 3867 500 3903 ¹aus
524 3848 588 3904 dem
610 3849 633 3901 P
658 3846 874 3918 abgeschrieben
892 3848 998 3913 warde,
1022 3847 1093 3902 wich
1116 3847 1187 3902 doeh
1209 3847 1240 3901 in
1263 3849 1394 3902 muncher

266 3937 353 3993 Stella
371 3955 425 3992 von
444 3938 513 4006 dem,
533 3938 582 3991 das
601 3937 665 3992 dem
683 3935 829 3992 Schneiber
847 3952 902 3989 von
920 3936 945 3988 A
957 3935 1061 4005 vorlug,
1081 3937 1116 3990 ab
1135 3936 1193 3990 und
1211 3935 1290 3991 hatte
1309 3936 1394 3991 schon

266 4027 311 4081 die
329 4027 428 4082 Pohler
452 4028 517 4082 odor
541 4026 612 4081 noch
631 4026 676 4081 die
698 4024 836 4095 richtigen
854 4024 1000 4095 bosamen,
1026 4023 1076 4080 wie
1100 4025 1181 4080 beide
1201 4025 1322 4094 ι1111111·
1340 4026 1393 4080 den

268 4115 340 4180 HSS.
360 4117 383 4170 B
403 4116 588 4172 erecheinen.“
627 4116 672 4169 Ad
689 4114 898 4169 diiudicandum
915 4113 1014 4183 igitur,
1037 4117 1132 4168 utrum
1150 4131 1237 4182 genus
1256 4113 1338 4168 alteri
1356 4116 1393 4168 111

268 4206 489 4274 praeterendum,
508 4205 531 4258 P
549 4202 621 4258 nihil
639 4221 690 4259 nos
708 4203 794 4257 iuvat.

357 4296 384 4365 2)
403 4292 568 4350 Lectionum
586 4294 605 4346 h
617 4292 734 4359 codicis,
747 4290 795 4362 qui
808 4291 906 4346 ceteris
920 4291 1044 4347 eiusdem
1056 4291 1165 4361 generis
1178 4291 1266 4345 multo
1279 4291 1394 4364 inferior

266 4387 316 4450 est,
335 4400 390 4438 non
411 4401 522 4452 semper
539 4381 624 4436 habui
643 4382 786 4437 rationem.
