3232 4856
676 253 941 346 ·-55-7

328 500 330 504 Δ
356 445 403 506 pr.
428 429 490 486 229
515 422 543 486 Β
568 427 599 486 et
622 423 715 488 Dion.
730 423 804 488 Hal.
828 425 947 488 habent
969 425 1023 487 καὶ
1045 425 1168 487 τούτων
1191 424 1324 510 ιτικρῶν,
1348 425 1394 491 A:

266 531 321 593 καὶ
344 530 466 592 τούτων
489 529 552 592 τῶν
574 529 708 615 πικρῶν,
732 531 788 594 ubi
811 530 874 593 τῶν
897 553 959 594 vox
982 523 1015 594 iri
1038 529 1069 595 A
1092 531 1209 595 tradita
1225 554 1306 615 quae
1322 553 1392 596 seu-

265 637 317 700 sui
348 637 441 701 huius
474 637 537 700 loci
565 659 630 701 non
661 637 830 719 respondet
863 642 917 701 aut
945 621 984 702 ex
1012 637 1210 702 antecedenti
1237 639 1392 702 vocabulo

266 744 388 807 τούτων
405 765 509 808 errore
533 744 667 826 repetita
683 748 737 808 aut
754 767 772 808 a
795 745 925 808 librario
943 745 998 828 qui
1014 746 1182 810 articulum
1206 750 1278 829 post
1299 736 1393 821 οὗτος

265 850 340 914 addi
364 851 465 915 solere
488 850 572 913 haud
595 850 764 934 ignorabat
787 851 908 915 adiecta
932 857 987 916 est.
1033 856 1144 916 contra

356 981 401 1042 pr.
424 952 489 1021 ι167
515 957 549 1020 in
572 955 602 1020 A
626 961 657 1020 et
682 958 765 1040 apud
788 958 919 1042 Dionys,
947 959 1099 1042 scriptum
1122 959 1264 1022 videmus
1287 959 1393 1022 ταῦτα

195 1149 196 1152 ¹
265 1063 301 1128 db
323 1069 355 1127 τί
377 1062 470 1139 ἐστιν,
496 1086 568 1127 curn
591 1062 619 1126 B
642 1065 760 1128 habeat
783 1064 886 1127 ταῦτα
910 1063 944 1128 δὲ
967 1069 1051 1140 τίνος
1074 1063 1165 1140 ἐστίν,
1191 1088 1272 1149 quae
1296 1066 1393 1130 verba

264 1194 339 1236 cunr
362 1157 474 1254 perse
490 1193 592 1254 neque
608 1172 715 1235 sensui
730 1172 889 1236 contraria
904 1169 967 1236 siht
982 1195 1084 1256 neque
1095 1227 1096 1234 ,
1107 1173 1200 1237 facile
1217 1174 1256 1236 ad
1271 1195 1394 1237 merum

256 1278 389 1370 ¹librarii
405 1300 544 1343 errorem
566 1279 705 1356 redeant,
728 1278 870 1360 ipsiusB
894 1279 1093 1362 grammatici
1117 1301 1231 1362 operae
1246 1279 1394 1344 videntur

264 1385 387 1449 deberi:
412 1406 509 1468 quare
533 1405 606 1448 cum
629 1384 752 1448 duobus
775 1385 840 1448 illis
863 1385 942 1448 locis
967 1389 1059 1449 autea
1083 1386 1189 1450 allatis
1213 1386 1294 1449 nihil
1318 1387 1394 1451 insit

266 1493 465 1557 auctoritatis
498 1491 645 1575 Dionysii
672 1492 769 1555 verba
802 1491 904 1555 redire
937 1492 976 1555 ad
1009 1491 1127 1556 librum
1155 1492 1185 1556 A
1217 1493 1395 1557 recensioni

265 1600 481 1684 propinquum
504 1621 567 1662 non
591 1604 638 1663 est
661 1598 878 1680 improbabile.

356 1705 547 1770 Plutarchus
581 1706 720 1788 saepius·
736 1706 904 1770 Aeschinis
935 1706 1032 1769 verba
1070 1706 1210 1789 respicit,
1250 1691 1394 1771 ¹accurate

265 1835 365 1877 unum
389 1814 483 1878 huius
508 1814 642 1880 oratoris
667 1813 759 1877 affert
782 1813 889 1876 locum
912 1835 958 1896 pr.
978 1819 1028 1891 77,
1051 1812 1108 1877 ubi
1132 1834 1203 1876 curn
1227 1813 1254 1876 B
1278 1835 1394 1898 genere

266 1920 364 1984 habet
387 1922 464 2005 πρὶν
480 1920 644 2011 μενθῆσαι
661 1942 732 1984 cum
748 1920 781 1983 in
798 1919 827 1982 A
850 1919 1003 1983 traditum
1019 1920 1060 1983 sit
1075 1920 1153 2004 πρὶν
1176 1915 1195 2004 ἢ
1219 1919 1393 2004 πενθῆσαι,

265 2049 370 2110 neque
391 2027 525 2091 dubium
548 2031 656 2091 utrum
680 2027 722 2090 sit
744 2049 867 2104 verum,
896 2027 956 2089 viri
980 2027 1063 2089 enirn
1087 2027 1171 2090 docti
1198 2048 1256 2090 nos
1281 2028 1395 2090 docent

268 2135 336 2218 (cfr.
360 2157 385 2198 e.
409 2155 439 2218 g.
465 2135 608 2218 Krueger
633 2135 672 2198 ad
696 2133 794 2198 Thuo.
818 2133 857 2211 V,
876 2139 926 2211 61,
945 2134 976 2218 1)
1001 2133 1078 2218 πρὶν
1102 2127 1121 2216 ῆ
1145 2133 1393 2215 ascriptoribus

268 2241 373 2306 atticis
396 2263 460 2304 non
484 2264 550 2305 esse
574 2246 770 2325 usurpatum.
809 2245 916 2304 tamen
939 2240 1020 2304 nihil
1043 2239 1109 2303 fere
1132 2241 1193 2304 hoc
1217 2240 1288 2304 loco
1305 2241 1394 2304 iuva·

265 2371 347 2427 mur,
369 2349 454 2412 haud
477 2371 549 2412 raro
573 2349 656 2412 enim
681 2348 758 2412 alibi
781 2370 908 2431 quoque
931 2343 951 2432 ῆ
973 2348 1052 2411 illud
1074 2352 1148 2430 post
1164 2352 1274 2432 apice
1296 2347 1396 2412 libra-

267 2455 323 2518 riis
347 2455 506 2519 invenitur
530 2455 672 2519 additum
695 2455 763 2539 (cfr.
780 2453 819 2531 ll,
838 2454 923 2538 132.)
963 2455 1144 2517 Dolendum
1169 2455 1295 2537 quidem
1313 2456 1397 2537 quod

269 2562 324 2626 alii
346 2561 512 2626 Plutarchi
535 2563 599 2625 loci
622 2584 687 2626 non
710 2564 891 2646 suppetunt,
914 2561 977 2624 tria
993 2562 1077 2624 enim
1094 2561 1323 2645 epigrammata
1338 2562 1395 2625 illa

266 2675 349 2752 squae
383 2671 489 2733 eadem
523 2669 608 2734 Plut.
641 2669 733 2732 affert
766 2674 859 2752 atque
887 2668 1061 2732 Aeschines
1094 2690 1140 2750 pr.
1171 2667 1294 2755 184l85
1328 2673 1395 2733 tam

268 2777 391 2842 diverso
420 2777 514 2840 modo
545 2767 584 2840 ab
612 2781 749 2859 utroque
777 2781 851 2840 sunt
880 2775 997 2839 tradita
1020 2780 1057 2838 ut
1079 2775 1161 2838 nihil
1184 2775 1276 2839 nobis
1305 2798 1395 2858 prae-

266 2883 364 2948 beant
388 2884 533 2961 subsidii;
557 2885 654 2948 habet
670 2884 753 2947 enirn
769 2884 853 2948 Plut.
871 2883 1000 2968 κρυερόν
1024 2905 1082 2966 pro
1099 2881 1211 2947 Aesch.
1234 2884 1394 2968 κρατερόν,

265 2991 416 3074 μεγάλων
448 2988 586 3074 άγαθῶν
617 3013 675 3074 pro
708 2991 849 3076 μεγάλης
883 2987 1010 3075 άρετῆς,
1044 2989 1132 3075 άῆριν
1164 3012 1222 3074 pro
1255 2991 1394 3070 μόχθον,

269 3097 468 3182 θωρηκτάων
495 3119 552 3180 pro
582 3097 826 3176 χαλκοχιτώνων
850 3098 893 3181 (az
917 3097 1206 3182 τιερφρονεόντων),
1237 3092 1314 3159 ὅντα
1337 3119 1394 3179 pro

266 3198 378 3288 άνόρα,
395 3215 568 3288 κοσμηταῖς
583 3226 641 3287 pro
659 3205 829 3288 κοσμητάς,
847 3204 962 3286 quibus
980 3226 1017 3267 ex
1034 3203 1253 3286 discrepantiis
1270 3203 1395 3268 videtur

265 3311 347 3374 mihi
364 3334 514 3394 apparere
530 3311 738 3375 Plutarchum
761 3312 849 3374 fonte
865 3334 956 3374 usum
974 3334 1041 3374 esse
1062 3310 1102 3374 ab
1121 3310 1277 3374 Aeschine
1300 3311 1394 3393 plane

266 3420 380 3483 alieno.
427 3420 467 3483 Ei
490 3419 551 3505 ipsi
575 3427 682 3483 autem
709 3419 771 3482 loci
795 3420 911 3502 quibus
935 3420 974 3483 ab
1004 3419 1104 3482 altera
1128 3418 1271 3482 codicum
1295 3419 1395 3482 classe

266 3526 413 3590 dissentit
441 3527 575 3590 leviores
603 3531 677 3590 sunt
701 3547 796 3609 quam
819 3531 855 3589 ut
879 3525 1013 3589 certiora
1036 3547 1093 3588 nos
1123 3525 1246 3607 possint
1270 3525 1394 3588 docere:

266 3653 313 3714 pr.
344 3637 407 3695 184
436 3632 526 3696 initio
557 3632 655 3717 epigr.
682 3632 767 3696 Plut.
797 3636 828 3695 et
852 3631 878 3695 B
907 3632 1025 3695 habent
1056 3621 1105 3716 ῆν,
1136 3653 1216 3714 quae
1241 3631 1395 3694 vetustior

266 3739 379 3803 tertiae
407 3739 540 3822 pluralis
568 3740 691 3803 numeri
718 3761 873 3824 personae
901 3738 1005 3803 forma
1032 3739 1066 3802 in
1089 3737 1119 3801 A
1142 3740 1265 3801 mutata
1290 3737 1395 3802 estin

267 3846 403 3910 formam
431 3846 597 3930 vulgarem
631 3837 709 3929 ἦσαν
739 3852 842 3910 metro
875 3846 969 3928 plane
1002 3845 1192 3908 contrariam
1226 3867 1322 3926 quare
1355 3845 1394 3907 ad

267 3952 373 4036 ipsum
389 3952 419 4016 A
434 3954 625 4017 recensionis
650 3958 813 4017 auctorem
836 3976 900 4017 non
915 3952 1039 4016 videtur
1062 3952 1172 4016 redire.
1212 3952 1309 4034 epigr.
1328 3957 1390 4028 2,1

267 4059 301 4123 in
325 4060 351 4124 B
376 4065 408 4124 et
431 4060 515 4124 Plut.
544 4060 680 4124 traditur
703 4057 787 4135 ταδ’,
812 4058 912 4148 ἱολΑε
940 4055 1025 4142 ταγ’,
1056 4058 1112 4141 qui
1141 4058 1298 4120 dissensus
1327 4057 1393 4119 fere

268 4168 375 4231 nullus
408 4172 470 4244 est,
502 4187 577 4230 nam
619 4165 637 4232 l
664 4171 695 4230 et
725 4164 757 4232 l>
790 4166 940 4230 facillime
972 4165 1054 4228 inter
1086 4186 1119 4227 se
1148 4147 1392 4227 confunduntur.

267 4296 314 4356 pr.
333 4279 395 4336 185
414 4273 513 4357 epigr.
532 4279 560 4352 3,
577 4279 595 4336 6
613 4271 642 4336 A
658 4272 755 4336 habet
771 4272 915 4353 πολέμου
932 4268 1026 4356 άμφί,
1050 4293 1144 4354 quem
1159 4269 1283 4334 hiatum
1302 4291 1393 4332 -re
