3232 4856
663 205 885 261 ..ἕο-

213 399 252 440 ex
280 377 422 442 codicum
450 377 480 440 A
511 377 637 461 generis
665 376 807 440 dissensu
834 374 957 440 videtur
989 373 1067 438 mihi
1096 372 1247 456 consequi
1278 377 1336 454 μέν

212 505 322 550 vocem
343 483 378 547 in
401 483 573 568 archetypo
595 483 689 548 huius
713 482 821 547 classis
844 481 942 546 fuisse
966 480 1124 546 omissam.
1168 479 1335 564 Descripta

213 593 286 654 sunt
309 590 405 654 verba
427 595 463 654 ut
486 589 519 653 in
542 590 716 674 archetypo
732 592 822 654 erant
837 588 871 652 in
887 611 904 652 e
920 587 1036 666 codice,
1057 587 1081 650 h
1097 586 1212 651 codicis
1232 586 1336 650 scriba

215 700 248 761 ut
271 695 442 762 sententias
464 696 602 760 interae
625 696 831 780 eoniungeret
854 695 915 780 γάρ
939 699 1013 778 post
1036 691 1126 757 ἕνεκα
1150 693 1280 770 addidit,
1302 693 1335 756 in

212 805 234 868 k
258 809 290 869 et
312 805 324 867 l
341 803 498 868 codicibus
514 804 589 887 quia
611 802 647 867 δέ
661 804 804 888 sequitur
819 803 976 868 adiectum
992 806 1040 866 est
1062 805 1129 883 μέν,
1154 800 1335 885 adpositum

212 915 248 975 ut
280 909 316 974 δέ
344 911 393 975 illi
426 911 520 995 plane
552 911 758 995 responderet
789 911 860 974 voci
891 909 1054 974 numerali.
1101 907 1264 984 Quodcum
1296 930 1335 972 ne

213 1017 327 1104 Snidae
355 1017 483 1101 quidem
510 1018 632 1083 codices
659 1018 693 1080 in
720 1017 781 1081 hoc
809 1009 965 1081 vocabulo
994 1016 1191 1081 consentiant
1216 1054 1256 1062 —
1281 1015 1335 1079 alii

214 1125 297 1189 enim
319 1129 378 1206 μέν
400 1125 518 1189 habent
535 1124 589 1188 alii
612 1124 671 1207 μὲν
686 1115 742 1187 οὖν
757 1162 801 1172 -
817 1129 849 1188 et
871 1124 981 1208 paullo
996 1123 1080 1188 infra
1095 1147 1114 1186 a
1128 1144 1161 1188 m
1176 1145 1198 1186 n
1214 1122 1335 1186 codices

213 1231 352 1296 scribant
379 1229 433 1295 ded
456 1227 576 1316 ἒννέαῑ)
600 1230 635 1294 δέ
661 1253 719 1315 pro
748 1229 802 1294 διὰ
827 1229 860 1294 db
883 1227 970 1295 ἐννέα
994 1231 1078 1314 quod
1102 1230 1205 1295 estin
1228 1228 1281 1314 Ag
1304 1233 1335 1292 et

214 1339 299 1404 Suid.
322 1339 392 1417 lex,
415 1339 476 1403 hoc
504 1339 575 1403 loco
600 1340 637 1402 de
661 1338 768 1402 codice
792 1360 830 1402 ex
854 1341 923 1423 quo
946 1338 1039 1402 lexici
1062 1338 1160 1401 verba
1187 1335 1336 1400 {iruerint

213 1444 316 1529 qualis
338 1445 435 1509 fuerit
458 1445 535 1509 certi
557 1444 637 1508 nihi]
661 1445 785 1510 videtur
807 1445 887 1508 mihi
909 1443 1047 1529 probari.

301 1574 348 1634 pr.
377 1558 440 1616 252
469 1551 503 1615 in
530 1553 560 1616 A
592 1552 745 1617 traditum
777 1557 825 1616 est
857 1553 911 1615 καὶ
942 1549 1010 1615 ’lom
1044 1549 1132 1636 αὐτῷ
1160 1550 1193 1614 αἱ
1228 1551 1336 1636 ψῆφοι

212 1656 353 1743 ἐγένοντο
381 1681 451 1723 cum
480 1658 563 1723 Bet
586 1659 685 1743 Harp.
712 1660 850 1724 habeant
876 1660 930 1722 καὶ
957 1657 1026 1722 'douc
1056 1657 1088 1722 αἱ
1118 1658 1225 1744 ψῆφοι
1249 1655 1336 1742 αὐτῷ

213 1764 367 1849 ἐγένοντο,
401 1766 556 1830 consentit
589 1767 689 1851 igitur
720 1767 782 1831 hoc
814 1767 886 1830 loco
918 1766 1017 1848 Harp.
1051 1787 1123 1830 cum
1152 1765 1179 1828 B
1210 1786 1335 1850 genere,

214 1894 395 1956 quanquam
421 1895 530 1936 vemm
558 1894 623 1936 non
651 1873 775 1937 videtin
803 1893 956 1950 servasse,
984 1876 1033 1937 ter
1057 1871 1140 1936 enirn
1167 1871 1334 1954 insequens

211 1980 292 2045 illud
315 2003 350 2043 αι
373 1980 474 2065 magis
498 1981 643 2064 displicet
667 2003 762 2064 quam
785 1985 821 2044 ut
845 1980 885 2043 ab
910 1980 1067 2044 Aeschine
1091 2001 1158 2044 esse
1182 1978 1336 2064 scriptum

212 2087 305 2150 facile
320 2086 398 2151 mihi
422 2087 541 2172 possim
564 2089 760 2171 persuadere.
799 2085 941 2152 Nimiam
957 2091 1063 2152 autem
1078 2067 1144 2149 vim
1166 2086 1241 2150 huic
1263 2086 1334 2150 loco

212 2194 263 2258 vel
286 2199 455 2278 propterea
470 2217 534 2258 non
557 2193 731 2269 tribuerim,
755 2193 840 2278 quod
864 2193 1108 2279 lexicographus
1128 2192 1238 2277 paullo
1253 2193 1336 2258 infra

212 2300 246 2364 in
272 2301 376 2364 verbis
408 2299 502 2364 huius
529 2300 628 2384 ipsius
660 2299 721 2364 loci
754 2299 920 2364 afferendis
953 2299 993 2364 ab
1023 2300 1169 2364 omnibus
1202 2299 1335 2364 oratoris

213 2406 373 2472 codicibus
402 2407 479 2471 adeo
507 2406 650 2483 discedit,
679 2411 715 2472 ut
742 2407 843 2490 magis
871 2429 909 2470 ex
937 2427 993 2470 suo
1022 2406 1149 2492 ingenio
1178 2428 1273 2489 quam
1297 2429 1335 2470 ex
1379 2471 1383 2474 .

213 2513 379 2579 Aeschinis
402 2513 484 2578 libro
508 2514 652 2578 videatur
674 2512 883 2598 descripsisse.

302 2621 418 2686 Contra
441 2643 513 2685 oum
536 2622 567 2685 A
590 2643 705 2706 genere
728 2620 901 2685 lexioorum
924 2621 1126 2685 consentiunt
1147 2621 1182 2684 hi
1204 2620 1280 2684 loci:

301 2749 347 2812 pr.
372 2733 412 2791 82
443 2727 539 2791 verba
566 2727 666 2803 Γάνος
694 2727 748 2790 καὶ
775 2725 920 2791 Γανιάὸα
945 2727 1060 2791 tradita
1088 2732 1162 2792 sunt
1189 2727 1223 2791 in
1245 2727 1275 2792 A
1305 2733 1336 2792 et

213 2834 312 2918 Harp.
335 2834 405 2912 lex,
429 2855 501 2897 cum
523 2833 557 2897 in
579 2833 607 2896 B
630 2833 787 2898 vocabula
809 2835 864 2897 καὶ
887 2832 1029 2896 Γανιάὸα
1045 2835 1156 2912 desint,
1182 2857 1262 2918 quae
1285 2857 1335 2899 res

211 2963 276 3006 non
298 2941 423 3006 videtur
447 2962 521 3005 casu
544 2941 595 3004 vel
618 2962 727 3004 errore
751 2941 818 3004 solo
847 2940 1010 3018 accidisse,
1037 2941 1092 3006 sed
1115 2942 1285 3007 verisimile
1307 2942 1335 3005 B

212 3048 455 3134 grammaticum
482 3047 637 3124 Γανιάὸα,
671 3070 744 3111 oum
771 3047 851 3112 nihil
883 3048 969 3114 aliud
1002 3070 1069 3112 esse
1101 3049 1162 3113 nisi
1190 3050 1336 3114 vocabuli

213 3156 311 3232 Γάνος
326 3133 459 3220 'variam
486 3155 655 3221 lectionem
681 3156 733 3219 vel
761 3157 974 3238 corruptelam
1002 3161 1157 3234 censeret,
1185 3157 1335 3223 omisisse.

301 3286 348 3346 pr.
374 3269 434 3327 137
460 3263 494 3327 in
516 3261 546 3326 A
576 3267 607 3326 et
635 3261 750 3328 Suidae
777 3261 865 3348 lex.³)
894 3263 1011 3328 tradita
1039 3267 1112 3327 sunt
1139 3265 1236 3328 verba
1264 3260 1335 3327 odas

303 3441 328 3510 1)
346 3457 402 3494 non
415 3443 456 3494 est
469 3457 517 3492 cur
535 3457 585 3508 pro
598 3435 679 3493 ἐννέα
692 3438 740 3508 qui
752 3456 880 3494 numerus
899 3439 926 3494 h.
944 3439 963 3504 1.
982 3439 1101 3494 traditus
1113 3443 1154 3494 est
1166 3439 1336 3495 Dinarchum

212 3529 299 3584 secuti
317 3529 467 3584 scribamus
486 3527 560 3592 δέκα,
580 3528 665 3583 immo
684 3527 877 3598 accipiendum
896 3531 946 3582 aut
963 3527 1027 3582 Din.
1046 3529 1067 3594 I,
1087 3529 1121 3583 20
1141 3531 1170 3584 at
1187 3530 1219 3583 21
1239 3529 1289 3584 ubi
1301 3530 1335 3584 de

212 3618 270 3672 hac·
284 3617 345 3687 ipsa
362 3635 393 3672 re
412 3616 472 3687 agit
491 3635 576 3670 unum
595 3615 733 3670 addidisse
746 3620 796 3670 aut
808 3615 973 3671 Aeschinem
985 3615 1076 3686 ipsum
1088 3635 1175 3671 unum
1187 3617 1335 3672 detraxisse

212 3707 357 3771 talentum.

301 3796 328 3866 2)
348 3793 428 3860 Quod
454 3812 505 3865 pro
527 3795 614 3864 Harp.
642 3795 732 3849 forma
760 3792 882 3849 Γανιὰδα
909 3795 939 3849 in
962 3813 977 3850 e
1000 3799 1029 3851 et
1055 3797 1066 3850 1
1089 3795 1231 3851 Aeschinis
1255 3797 1334 3851 codd.

213 3881 316 3949 δάνδια,
336 3883 366 3938 in
384 3883 483 3940 ceteris
502 3884 600 3952 γανίδα
617 3881 729 3953 legitur,
746 3882 819 3938 nihil
837 3886 930 3950 refert,
948 3902 1039 3954 neque
1059 3885 1133 3941 enim
1151 3885 1267 3940 dubium
1285 3888 1334 3956 est,
1433 3908 1436 3913 ·

212 3973 280 4043 quin
299 3992 332 4030 ex
351 3992 417 4030 vera
433 3975 523 4028 sonna
541 3973 596 4028 sint
614 3976 705 4028 natae.

301 4064 328 4133 3)
346 4063 379 4117 In
401 4062 476 4116 Suid.
500 4064 525 4116 A
552 4063 611 4119 cod.
640 4063 725 4117 verba
751 4062 793 4117 ita
819 4063 988 4133 transposita
1015 4068 1079 4119 sunt
1106 4067 1138 4118 ut
1161 4065 1250 4119 exstet
1272 4057 1334 4118 οὐδ’

212 4144 294 4214 ἄλλος
311 4151 380 4206 ποτὲ
400 4155 457 4205 τῶν
475 4155 606 4223 πονηρῶν
624 4155 681 4205 τῶν
699 4148 792 4216 πάλαι,
811 4169 882 4221 quae
900 4169 943 4207 res
962 4169 1011 4206 nos
1030 4137 1111 4208 docet
1128 4155 1234 4221 quanta
1252 4152 1335 4208 inter·
1426 4201 1430 4206 .

212 4241 279 4294 dum
297 4240 414 4295 audacia
432 4239 539 4296 scribae
558 4240 724 4311 scriptorum
742 4243 828 4297 verba
844 4239 1062 4296 immutaverint.
