3232 4856
693 267 910 321 *45-

241 457 299 499 nos
322 435 467 518 plurimis
491 437 570 500 locis
595 441 667 520 apte
690 438 882 520 recipereA
905 438 1029 522 generis
1057 439 1221 515 lectiones,
1250 439 1363 502 debere

241 564 304 606 non
336 542 491 624 probavit.
538 543 645 607 Unum
679 544 775 608 affero
809 545 997 628 exemplum.
1024 544 1084 622 Ill,
1109 551 1149 608 48
1178 545 1212 608 in
1240 548 1270 610 A
1298 552 1362 609 tra-

242 650 341 712 ditum
366 655 413 714 est
437 647 474 713 od
498 649 559 736 γὰρ
583 648 765 730 ἀποδείξεις
788 649 831 727 cic
854 650 969 734 ἔννομα
997 657 1166 739 γέγραφεν,
1196 654 1227 716 in
1253 655 1363 720 ceteris

242 757 403 822 codicibus
428 763 591 844 γέγραφας
613 782 672 842 pro
696 763 860 844 γέγραφεν,
885 782 987 843 neque
1010 762 1037 823 si
1061 762 1165 824 animo
1187 784 1251 825 non
1273 784 1363 844 pra-e-

242 871 395 948 occupatc
424 865 530 930 locum
558 867 791 930 consideramus
819 891 875 950 per
903 890 935 930 se
962 874 1069 932 utrum
1094 891 1202 932 verum
1231 869 1272 933 sit
1302 870 1363 931 dis-

243 972 362 1054 ceptari
389 978 508 1055 potest:
537 973 670 1036 sienim
699 975 826 1038 tertiam
850 975 1015 1039 scribimus
1043 997 1209 1058 personam
1233 976 1363 1040 verbum

242 1079 369 1172 respicit
386 1079 630 1163 Ctesiphontem,
654 1083 703 1145 sin
726 1082 859 1146 alteram
882 1083 983 1166 magis
999 1084 1032 1146 in
1048 1083 1228 1147 universum
1246 1083 1365 1147 dictum

243 1191 299 1264 est,
322 1187 367 1251 ita
391 1188 516 1270 quidem
542 1194 578 1252 ut
601 1211 634 1252 σε
658 1191 742 1272 quod
767 1190 922 1254 antecedit
945 1213 1118 1273 pronomen
1142 1213 1195 1254 eos
1218 1191 1366 1273 respiciat

244 1294 385 1378 singulos
415 1316 493 1378 qnos
518 1300 624 1359 orator
652 1297 684 1358 in
711 1296 816 1379 priore
840 1297 996 1362 enuntiati
1023 1303 1112 1380 parte
1141 1295 1249 1372 αὐτοῖς
1273 1318 1364 1361 voca-

245 1401 319 1464 bulo
344 1402 509 1485 amplexus
534 1407 594 1469 est:
618 1403 699 1466 nihil
723 1404 820 1488 igitur
844 1405 996 1468 eiusmodi
1020 1404 1098 1468 locis
1121 1404 1320 1488 probaturl¹l

334 1508 394 1573 Sed
422 1509 486 1572 iam
516 1511 554 1573 ad
582 1517 678 1574 testes
705 1517 911 1586 revertanrur3
940 1535 1003 1594 qua
1026 1513 1153 1595 quidem
1181 1513 1213 1574 in
1242 1535 1275 1575 re
1298 1534 1365 1574 mo-

244 1616 382 1679 nendum
410 1638 474 1680 non
502 1639 552 1679 mc
584 1620 740 1681 rationem
772 1618 919 1682 habuisse
952 1639 1061 1681 eorum
1094 1619 1284 1702 scriptorum
1312 1618 1366 1702 qui

246 1743 427 1805 quanquam
456 1723 622 1786 Aeschinis
655 1725 754 1806 ipsius
786 1725 892 1788 locum
926 1725 1061 1789 afferunt
1093 1725 1230 1802 nullum,
1261 1729 1366 1788 tamen

246 1829 403 1894 orationes
428 1831 494 1894 eius
519 1835 604 1894 certo
622 1836 653 1894 et
675 1818 821 1915 legerunt
837 1836 868 1895 et
888 1832 921 1896 in
938 1833 1102 1896 scribendo
1119 1830 1367 1915 adhibuerant

246 1936 408 2019 amplioris
437 1937 520 2002 enim
548 1942 643 2021 atque
670 1939 816 2021 propriae
844 1938 1066 2020 disputationis
1095 1944 1155 2014 cst,
1189 1961 1268 2020 quae
1295 1939 1367 2001 inde
1405 1961 1408 1970 ¹

246 2043 285 2106 ad
310 2043 476 2108 Aeschinis
500 2045 595 2114 verba
619 2046 813 2109 emendanda
835 2046 1006 2122 lucremur,
1031 2047 1167 2110 edocere.
1331 2037 1335 2041 ’

336 2149 423 2226 Quae
448 2174 518 2214 cum
542 2152 587 2214 ita
610 2152 686 2228 sint,
714 2154 777 2216 iarn
801 2154 840 2216 ad
863 2153 1044 2217 testimonia
1067 2153 1136 2237 ipsa
1163 2157 1368 2217 transeamus.

246 2258 289 2320 ut
312 2258 451 2341 primum
468 2260 578 2322 docere
595 2261 789 2338 conabimur,
812 2261 963 2344 quidnam
979 2261 1017 2325 iis
1040 2260 1219 2324 faciendum
1235 2261 1276 2324 sit
1290 2259 1369 2322 locis

247 2365 361 2446 quibus
386 2365 426 2428 ab
451 2365 596 2429 omnibus
619 2367 754 2430 oratoris
778 2367 938 2431 codicibus
966 2369 1147 2431 testimonia
1172 2367 1369 2442 dissentiunt,

247 2476 314 2535 tum
347 2473 498 2556 quidnam
531 2474 569 2536 de
601 2473 678 2556 ipsis
711 2474 854 2538 codicum
887 2474 1055 2558 generibus
1089 2497 1107 2537 a
1140 2473 1273 2537 testibus
1305 2474 1369 2537 illis

156 2639 158 2644 .
248 2579 413 2643 discamus.

338 2689 443 2770 Atque
476 2689 612 2771 primurn
650 2689 776 2772 quidem
808 2689 835 2752 si
868 2689 1047 2771 quaerimus
1080 2689 1231 2772 quidnam
1262 2689 1299 2751 de
1332 2688 1370 2750 iis

247 2795 449 2860 iudicandum
473 2798 514 2859 sit
537 2797 616 2859 locis
639 2797 754 2879 quibus
778 2807 874 2860 verba
899 2797 1024 2879 prolata
1047 2797 1086 2860 ab
1104 2796 1249 2860 omnibus
1265 2801 1370 2859 orato-

248 2902 291 2966 ris
320 2902 480 2967 codicibus
509 2904 672 2981 dissident,
700 2908 807 2968 utrum
835 2905 969 2968 oratoris
997 2905 1086 2968 libris
1115 2928 1155 2968 an
1182 2905 1371 2987 scriptorum

248 3009 437 3073 testimoniis
466 3010 567 3074 maior
595 3010 741 3075 habenda
768 3012 809 3075 sit
840 3010 930 3089 fides,
964 3033 1043 3094 quae
1073 3011 1200 3094 quidem
1228 3011 1370 3095 quaestio

249 3115 436 3200 gravissima
461 3120 521 3194 est,
551 3117 626 3200 quia
654 3117 716 3180 loci
738 3123 813 3181 sunt
835 3119 964 3201 plurimi
986 3119 1074 3201 inter
1093 3140 1171 3200 quos
1199 3118 1279 3181 tales
1302 3118 1371 3201 qui-

249 3221 310 3286 bus
334 3223 430 3290 verba
458 3247 476 3286 a
505 3222 710 3305 scriptoribus
739 3224 857 3288 tradita
885 3224 1028 3308 quamvis
1059 3225 1098 3288 ab
1127 3223 1262 3288 oratoris
1286 3224 1371 3288 ccdi-

251 3328 338 3392 cibus
354 3330 471 3393 distent
487 3330 606 3413 optime
623 3351 691 3394 sese
715 3331 831 3395 habere
846 3331 1019 3408 rideantur,
1042 3331 1293 3414 respondendum
1316 3353 1373 3413 par

344 3598 367 3667 1)
386 3596 550 3666 Nuperrime
561 3596 697 3668 ‘Orinerus
714 3595 798 3662 ,Krit
813 3596 922 3652 Unters.
936 3615 969 3650 zu
983 3597 1079 3650 Aesch.
1092 3595 1213 3657 Reden“,
1236 3596 1373 3650 Miinchen

254 3685 330 3750 1886,
350 3685 540 3740 demonstrare
558 3689 674 3740 conatus
694 3688 743 3749 est,
764 3686 822 3739 cod.
842 3685 925 3741 Goisl.
945 3687 996 3739 249
1009 3686 1027 3755 f,
1047 3702 1130 3754 quem
1142 3686 1232 3739 denuo
1245 3684 1373 3750 contulit,

251 3791 307 3828 non
327 3776 417 3829 solum
435 3775 465 3828 in
488 3775 580 3845 prima
598 3776 647 3830 sed
665 3775 752 3831 etiam
769 3775 800 3828 in
818 3777 907 3830 altera
925 3778 955 3830 et
977 3775 1060 3830 tertia
1078 3774 1202 3830 oratione
1222 3792 1279 3829 esse
1302 3774 1375 3828 inter

253 3864 382 3932 optimos.
420 3864 515 3934 Neque
539 3881 604 3918 vero
627 3864 698 3918 mihi
719 3864 868 3934 persuasit:
897 3881 963 3918 nam
984 3863 1039 3919 loci
1063 3881 1130 3933 quos
1156 3864 1263 3933 profert
1286 3881 1375 3933 neque

256 3953 324 4007 satis
342 3953 426 4008 multi
443 3957 508 4008 sunt
525 3971 614 4021 neque
633 3954 700 4008 satis
718 3971 816 4023 graves
835 3956 883 4006 aut
901 3953 978 4008 corti.

344 4044 372 4114 2)
390 4042 422 4098 n.
443 4063 469 4114 g.
490 4043 575 4098 affero
594 4043 712 4098 Dionem
725 4043 828 4113 Chrys,
848 4043 925 4097 cuius
942 4042 973 4097 in
992 4042 1162 4098 orationibus
1181 4042 1270 4097 multa
1287 4042 1376 4097 inesse

253 4132 409 4188 Aeschines
431 4134 487 4189 loci
510 4135 612 4189 docent
635 4133 724 4202 qualis
748 4137 789 4188 est
812 4150 851 4188 or.
870 4132 947 4187 XVII
964 4132 1006 4202 (Ι).
1026 4133 1046 4202 Ι,
1066 4133 1126 4199 274,
1148 4134 1191 4202 19)
1210 4123 1226 4185 t
1243 4149 1276 4200 γε
1295 4126 1376 4204 Εὐρι-

258 4222 337 4291 πίδης
350 4216 462 4286 οὐδενὸς
481 4212 565 4292 ἦττον
582 4215 694 4288 ἔνδοξος
706 4217 747 4276 ὢν
758 4227 815 4276 τῶν
827 4227 949 4292 ποιητῶν
962 4222 1079 4277 collatus
1092 4240 1154 4276 cum
1166 4222 1263 4276 Aesch.
1277 4223 1297 4286 I,
1314 4223 1376 4275 151:

255 4305 271 4366 ὁ
290 4313 385 4366 τοίνυν
404 4307 517 4376 οὐδενὸς
536 4302 619 4366 dcccv
639 4306 725 4380 σοφὸς
744 4316 801 4365 τῶν
819 4316 942 4380 ποιητῶν
961 4305 1117 4382 Εὐριπίδης.
