3232 4856
725 231 947 289 -71-

271 401 401 485 pissime
424 403 485 466 soli
508 403 682 467 scribarum
706 403 838 468 debetur
861 403 986 468 libidini
1008 427 1109 488 neque
1125 405 1272 487 ipsumB
1296 426 1396 490 genus

270 510 367 594 plane
393 509 455 574 hoc
482 511 553 574 loco
577 533 649 575 cum
672 510 898 596 lexicographo
923 512 1091 589 consentit,
1119 512 1216 576 habet
1240 513 1322 576 enim
1347 509 1397 576 ὅτι

271 637 345 680 cum
368 617 402 680 in
425 615 454 680 A
479 617 577 681 classe
602 623 633 682 et
655 617 785 683 Bachm.
810 618 912 682 lexico
937 622 1039 694 exstet
1062 641 1104 682 τι,

362 723 454 788 Unus
477 725 590 809 igitur,
618 726 645 788 si
668 725 810 790 Thomas
833 729 869 789 ut
898 726 987 790 testis
1012 726 1133 790 inutilis
1159 727 1302 810 exempla
1331 727 1397 790 abi-

271 831 380 909 cimus‚
402 831 575 896 lexicorum
600 836 648 896 est
670 833 768 909 locus,
792 833 847 916 qui
871 833 909 896 ad
932 833 1017 916 ipsas
1034 834 1177 898 codicum
1199 834 1397 898 recensiones

270 937 416 1002 videatur
448 941 617 1023 pertinere;
658 939 814 1003 consentit
846 944 952 1004 autem
983 940 1044 1003 hoc
1076 940 1145 1024 ipso
1178 941 1248 1004 loco
1280 941 1397 1005 lexico-

270 1045 413 1128 graphus
442 1067 514 1109 cum
541 1045 569 1110 B
597 1046 741 1110 codicum
770 1067 902 1130 genere,
929 1069 1001 1110 cum
1029 1047 1061 1110 in
1086 1047 1115 1110 A
1144 1048 1277 1112 oratoris
1301 1048 1397 1112 verba

178 1185 179 1188 ¹
271 1148 311 1215 de
334 1151 489 1216 industria
512 1153 677 1217 videantur
700 1156 825 1217 mutata
848 1175 923 1216 esse.

361 1257 547 1323 Athenaeus
562 1259 595 1322 in
612 1259 861 1342 dipnosophistis
877 1282 977 1323 unum
993 1259 1085 1323 adfert
1102 1259 1268 1324 Aeschinis
1292 1261 1396 1324 locum

270 1388 317 1448 pr.
343 1371 380 1430 41
408 1367 480 1430 inde
505 1391 523 1431 a
546 1367 710 1450 Μισγόλας
733 1364 812 1442 ἐστί,
842 1368 896 1431 sed
919 1368 964 1432 ita
987 1372 1023 1432 ut
1047 1368 1146 1451 ipsius
1170 1369 1266 1432 verba
1293 1390 1395 1451 neque

270 1494 344 1536 cum
372 1472 403 1536 A
435 1496 537 1557 neque
566 1495 637 1538 cum
665 1473 693 1538 B
725 1475 819 1557 plane
841 1475 1053 1544 consentiant.
1098 1474 1184 1538 Nam
1211 1475 1239 1538 B
1272 1474 1397 1559 generis

269 1579 392 1643 codices
420 1584 494 1663 post
517 1580 681 1662 Μισγόλας
704 1578 770 1644 ἐσσί
793 1581 944 1645 exhibent
970 1604 1020 1656 τις
1044 1603 1152 1645 vocem
1176 1604 1271 1665 quam
1301 1582 1397 1646 ceteri

270 1687 392 1750 codices
416 1687 567 1752 omittunt
591 1711 662 1752 cum
687 1688 867 1767 Athenaeo,
893 1689 977 1772 quod
1001 1710 1107 1752 errore
1131 1688 1253 1752 videtur
1276 1688 1396 1753 factum

269 1815 347 1870 esse,
371 1794 476 1858 sensui
500 1795 584 1860 enim
607 1795 637 1859 h.
661 1795 682 1861 l.
706 1819 754 1870 τις
777 1817 840 1859 vox
864 1794 971 1859 addita
994 1795 1044 1858 vel
1072 1795 1190 1878 optime
1218 1796 1396 1877 respondet.

271 1899 364 1976 Quod
388 1923 459 1964 cum
486 1901 548 1966 hoc
571 1901 641 1984 ipso
670 1902 742 1966 loco
766 1900 949 1966 Athenaeus
974 1923 1046 1964 cum
1068 1901 1097 1964 B
1125 1922 1239 1985 genere
1267 1902 1396 1965 habeat:

272 2007 436 2090 Μισγόλας
459 2005 537 2082 ἐστι’,
563 2013 675 2073 contra
697 2007 742 2072 A:
770 2005 836 2072 ἔστι
860 1997 1038 2091 Μισγόλας,
1068 2007 1278 2073 iudicabimus
1301 2009 1397 2072 verba

269 2117 306 2177 ut
337 2114 455 2178 tradita
483 2120 557 2196 sunt
584 2116 617 2178 in
645 2115 672 2178 B
702 2119 733 2179 et
760 2115 919 2180 Athenaei
946 2115 1028 2180 libro
1058 2137 1125 2180 esse
1153 2116 1303 2200 genuina,
1336 2117 1397 2179 nisi

269 2222 355 2304 quod
384 2222 467 2304 apud
497 2221 612 2288 Athen.
640 2247 689 2298 τις
716 2224 831 2287 rocula
858 2223 1068 2302 interciderit,
1096 2224 1182 2307 quod
1206 2245 1243 2287 eo
1271 2223 1396 2288 facilius

268 2327 375 2410 potuit
397 2329 467 2393 fieri
490 2330 564 2412 quia
588 2327 653 2393 ἐστι
678 2352 739 2394 vox
765 2330 930 2396 antecedit.
976 2330 1013 2395 ln
1036 2331 1067 2395 A
1090 2336 1196 2395 autem
1225 2351 1340 2414 genere
1365 2336 1396 2395 et

269 2459 319 2510 τις
346 2435 507 2499 intercidit
537 2440 569 2500 et
600 2436 669 2519 ipse
697 2438 774 2500 ordo
790 2436 973 2501 ¹verborum
1005 2438 1190 2502 immutatus
1223 2442 1278 2502 est.
1325 2437 1396 2502 Hoc

267 2546 376 2606 tamen
399 2565 438 2608 ne
461 2544 552 2606 nimii
575 2543 786 2621 aestimemus,
809 2565 975 2608 monemur
998 2544 1102 2608 verbis
1119 2567 1199 2628 quae
1221 2550 1396 2628 sequuntur

268 2649 377 2730 paullo
400 2650 492 2727 infra,
515 2650 571 2714 ubi
593 2651 627 2714 in
646 2650 670 2714 B
694 2651 848 2734 scriptum
864 2651 1005 2714 videmus
1029 2649 1082 2714 ἵνα
1107 2649 1204 2715 αὐτὸν
1228 2655 1395 2736 γνωρίσητε

268 2778 342 2820 cum
364 2757 394 2821 A
418 2762 450 2821 et
472 2757 657 2822 Athenaeus
685 2759 823 2823 habeant
846 2757 899 2823 ἵνα
928 2763 1094 2844 γνωρίσητε
1125 2756 1236 2823 adcor:
1265 2781 1328 2842 qua
1357 2781 1395 2822 ex

267 2885 303 2926 re
326 2867 470 2947 apparet,
493 2865 526 2929 id
551 2865 635 2948 quod
658 2869 751 2931 antea
774 2866 899 2949 saepius
923 2865 1143 2950 cognovimus,
1167 2888 1231 2930 non
1255 2865 1299 2929 ita
1323 2865 1395 2929 dili-

269 2975 381 3054 genter
396 2971 563 3056 scriptores
579 2973 630 3036 vel
645 2973 869 3058 grammaticos
886 2974 1028 3037 ordinem
1044 2974 1212 3037 verborum
1229 2973 1393 3038 curavisse.

269 3075 390 3154 Quodsi
412 3079 475 3143 alia
498 3079 708 3162 discrepantia
731 3080 820 3144 nulla
844 3084 933 3157 esset,
956 3100 1008 3142 res
1031 3079 1064 3142 in
1079 3079 1183 3144 medio
1199 3079 1392 3162 relinquere·

267 3189 332 3262 tur:
365 3186 530 3269 utriusque
563 3186 647 3250 enim
679 3186 778 3269 partis
806 3186 947 3269 suppetit
979 3186 1081 3264 locus,
1115 3207 1250 3269 quorum
1283 3190 1393 3250 neuter

266 3314 369 3375 neque
392 3313 508 3376 genere
531 3315 633 3376 neque
657 3292 687 3356 vi
710 3293 840 3358 inferior
863 3293 989 3357 videtur
1012 3314 1088 3370 esse,
1112 3290 1297 3375 praesertim
1321 3314 1392 3356 cum

264 3399 404 3482 priorem
427 3400 482 3484 qui
505 3399 606 3477 alteri,
631 3400 779 3483 quoniam
802 3422 851 3474 τις
874 3421 937 3463 vox
959 3399 992 3462 in
1009 3399 1166 3463 Athenaei
1189 3399 1271 3463 libro
1296 3400 1391 3477 deest,

266 3527 331 3570 non
353 3507 448 3589 plane
463 3508 589 3572 videtur
611 3530 669 3591 par
685 3529 760 3584 esse,
783 3506 896 3570 fulcire
919 3507 1076 3590 possimus
1094 3507 1156 3572 alia
1173 3506 1392 3589 discrepantia,

265 3634 348 3696 quae
363 3613 447 3677 infra
462 3615 609 3692 occurrit,
632 3613 688 3677 ubi
704 3613 888 3677 Athenaeus
905 3635 977 3676 cum
997 3612 1024 3675 B
1048 3633 1163 3697 genere
1186 3613 1284 3676 habet
1299 3617 1394 3676 cunct

266 3741 338 3783 cum
361 3719 394 3784 in
417 3719 448 3784 A
471 3721 613 3806 vulgaris
636 3720 785 3785 vocabuli
806 3719 909 3784 forma
933 3723 1035 3784 exstet
1063 3719 1180 3794 ταῦτα,
1211 3741 1392 3803 quanquam

265 3847 331 3890 non
354 3826 601 3891 obliviscendum
627 3828 802 3891 dissensum
825 3826 910 3891 hunc
932 3848 989 3909 per
1013 3849 1045 3890 se
1068 3826 1150 3890 nihil
1174 3826 1285 3892 valere.
1331 3826 1392 3890 Sed

264 3933 329 3996 alia
352 3934 447 3997 etiam
463 3937 566 3998 exstat
582 3934 793 4017 discrepantia
808 3955 890 4016 quae
906 3934 1041 3998 certiora
1057 3954 1114 3996 nos
1130 3933 1255 3996 videtur
1271 3933 1391 4010 docere,

264 4039 363 4103 habet
391 4039 474 4103 enim
502 4038 687 4104 Athenaeus
715 4037 843 4115 εἰωθώς
872 4037 968 4118 ἔχειν,
997 4039 1037 4102 Β;
1066 4036 1149 4118 ἔχειν
1176 4037 1318 4113 εἰωθώς,
1348 4038 1390 4102 A:

263 4143 354 4224 ἔχων.
395 4147 481 4211 vides
498 4145 655 4229 duplicem
672 4147 859 4211 dissensum:
883 4146 910 4209 B
927 4146 1011 4210 enim
1031 4167 1130 4230 genus
1147 4146 1274 4210 exhibet
1290 4145 1390 4209 diver-

263 4273 334 4316 sum
364 4253 403 4317 ab
431 4252 598 4318 Athenaeo
626 4254 852 4318 vocabulorum
880 4254 1035 4331 ordinem,
1069 4253 1153 4337 qnod
1185 4251 1284 4317 levius
1314 4273 1390 4328 esse,
