3232 4856
710 298 932 354 „42-

261 468 390 541 delevit;
407 467 583 532 incredibili
599 469 756 532 interdum
773 491 847 532 usus
865 473 912 533 est
928 469 1067 548 audacia,
1083 468 1271 546 15151142,
1288 470 1342 532 ubi
1353 470 1383 531 iu

262 573 288 636 B
312 575 465 658 scriptum
487 561 677 640 invenimus:
701 574 859 639 δουλεύων
881 589 952 652 ταῖς
976 575 1152 655 αἰσχίσταις
1178 573 1302 660 ἡδοναῖς
1324 626 1330 638 .
1350 625 1382 638 ..

263 678 321 765 c‘vp'
350 672 394 744 ὦν
421 679 548 758 οὐδενὸς
577 681 625 746 δεῖ
651 687 841 766 κρατεῖσθαι
870 681 924 747 τὸν
957 695 1097 766 γενναῖον
1125 685 1178 746 καὶ
1205 680 1383 766 ἐλεύθερον,

260 809 335 852 cum
352 790 454 872 Apro
479 789 527 854 δεῖ
549 791 664 855 babeat
688 791 755 875 χρή.
795 790 877 866 Quid
893 790 1012 875 igitur?
1050 791 1166 855 Nonne
1182 791 1383 855 iudicandum

261 896 395 962 alteram
418 918 528 961 vocem
552 921 589 962 ex
614 898 713 961 altera
737 919 804 962 esse
820 903 1009 980 corruptam,
1032 898 1216 982 praesertim
1233 919 1304 960 cum
1326 919 1383 960 no-

260 1009 330 1068 tum
354 1003 395 1068 sit
419 1010 450 1068 et
472 1005 696 1090 grammaticos
713 1010 744 1068 et
767 1004 853 1088 ipsos
876 1005 1023 1069 librarios
1046 1027 1195 1089 persaepe
1218 1026 1276 1088 pro
1292 1026 1382 1068 voca·

260 1111 344 1176 bulis
375 1135 393 1175 a
426 1112 632 1196 scriptoribus
665 1113 803 1196 antiquis
835 1113 948 1197 positis
980 1113 1153 1177 instituisse
1186 1117 1382 1196 synonyma?

261 1219 363 1282 Multo
388 1217 479 1282 aliter
499 1219 696 1295 Weidnerus,
721 1221 776 1302 qui
800 1219 908 1283 scribit
1012 1216 1071 1305 ὑφ’
1096 1210 1139 1282 ὦν
1162 1216 1288 1294 οὐδενὸς
1312 1243 1383 1303 κρα-

260 1337 359 1388 rslrm
385 1323 422 1388 ad
447 1337 588 1408 γενναῖον
610 1328 663 1390 καὶ,
686 1324 881 1411 discidimus:
906 1327 996 1391 nullo
1020 1327 1114 1411 plane
1137 1327 1250 1411 iurel1)
1291 1326 1382 1391 Nun·

261 1455 397 1515 quamne
429 1433 529 1517 igitur
561 1433 698 1498 remedio
734 1434 791 1498 illo
824 1435 998 1500 utendum?
1037 1434 1074 1498 ln
1108 1435 1265 1526 Aeschine
1299 1440 1382 1498 certe

260 1561 325 1602 non
341 1541 506 1615 utendum;
529 1563 603 1604 nam
619 1562 689 1604 cum
714 1541 865 1624 permulti
880 1541 944 1606 sint
964 1541 1035 1619 loci,
1059 1541 1174 1625 quibus
1190 1543 1257 1625 ipse
1273 1540 1382 1604 Weid-

260 1669 353 1710 nerus
377 1646 525 1711 adhibere
549 1653 603 1711 aut
626 1670 689 1712 non
707 1653 754 1712 est
771 1671 865 1713 ausus
882 1654 1015 1713 autnon
1040 1650 1152 1733 potuit,
1176 1649 1256 1712 banc
1281 1649 1382 1713 solam

260 1752 302 1816 ob
326 1775 451 1818 causam
475 1756 564 1819 nullo
589 1756 659 1818 loco
682 1756 778 1820 verba
801 1757 917 1820 tradita
940 1757 1050 1821 debuit
1074 1758 1185 1822 delere.

350 1861 410 1926 Sed
426 1863 530 1927 missis
545 1864 594 1930 his
611 1863 743 1946 aliisque
759 1887 841 1947 quae
857 1865 1023 1949 displicent
1038 1865 1132 1929 rebus
1149 1865 1381 1928 concedendum

260 1968 466 2032 Weidnerum
482 1970 533 2033 vel
557 1971 675 2054 optime
696 1971 734 2035 de
750 1970 907 2035 Aeschine
924 1993 991 2035 esse
1014 1971 1161 2036 meritum
1185 1972 1230 2035 ita
1252 1976 1289 2034 ut
1305 1971 1381 2054 quin

260 2075 323 2141 sint
346 2098 420 2140 vera
444 2099 523 2160 quae
547 2077 613 2159 ipse
630 2079 668 2141 de
685 2078 845 2142 codicibus
867 2077 961 2142 huius
978 2078 1112 2142 oratoris
1129 2077 1235 2142 docuit
1251 2077 1381 2141 dubium

260 2204 323 2246 non
352 2183 393 2246 sit
421 2206 542 2266 nosque
574 2184 683 2249 fidenti
711 2184 814 2248 anirno
847 2185 1086 2248 fundamentum
1119 2185 1213 2248 huius
1241 2185 1380 2268 disputa-

258 2289 355 2354 tionis
371 2312 534 2373 ponamus.
573 2291 809 2354 Demonstravit
830 2296 937 2355 autem
952 2314 1060 2356 omnes
1076 2291 1242 2356 Aeschinis
1258 2291 1380 2356 codices

260 2419 299 2460 ex
326 2420 390 2461 uno
415 2399 588 2482 eodemque
614 2397 742 2462 fluxisse
769 2400 857 2463 fonte
886 2399 1033 2484 ipsosque
1061 2401 1093 2463 in
1122 2399 1216 2482 (1551)
1241 2400 1380 2464 diversae

259 2557 330 2612 inB
353 2556 526 2628 inspicimus,
553 2558 765 2627 grammaticum
788 2560 861 2612 hunc
884 2559 1040 2614 invenimus
1063 2560 1225 2629 plerumque
1247 2558 1382 2612 vocabula

260 2664 332 2715 quae
350 2646 395 2701 vel
415 2665 496 2702 sensu
516 2647 559 2702 vel
578 2647 716 2702 enuntiati
735 2648 940 2703 constructione
959 2649 1034 2703 inter
1057 2667 1086 2704 se
1104 2648 1265 2713 cohaerent,
1289 2665 1382 2702 conso·

260 2736 355 2791 ciassc.
393 2735 540 2791 Adiectiva
558 2737 669 2806 quidem
688 2737 744 2806 (vel
762 2741 851 2807 pron.)
871 2755 942 2807 quae
961 2738 990 2791 in
1009 2738 1033 2791 A
1051 2755 1153 2807 genere
1172 2736 1381 2792 asubstantivis

260 2825 385 2894 adquae
404 2825 545 2895 pertinent
564 2843 632 2880 voce
650 2826 817 2896 interposita
836 2827 961 2881 seiuncta
979 2829 1055 2893 sunt,
1080 2827 1210 2897 adposuit
1234 2826 1276 2880 his
1300 2825 1381 2880 locis:

260 2933 301 2984 pr.
321 2917 346 2969 3.
366 2915 409 2970 46.
430 2915 464 2969 88
482 2915 533 2969 bis.
555 2916 613 2971 131.
635 2916 694 2971 186.
715 2917 775 2970 188.
796 2918 855 2972 198.
876 2917 937 2971 208.
957 2918 1017 2971 231,
1033 2917 1148 2972 2521515.
1163 2915 1382 2986 comparativum

260 3004 389 3074 genetivo
409 3005 456 3074 qui
475 3023 508 3060 ex
528 3023 559 3060 eo
578 3007 682 3076 pendet
701 3005 831 3076 adposuit
849 3026 890 3076 pr.
907 3008 930 3060 1.
945 3025 1026 3062 voces
1039 3025 1156 3076 quarum
1167 3007 1258 3061 altera
1279 3007 1382 3076 pendet

261 3114 294 3149 ex
312 3095 403 3150 altera
421 3095 576 3166 composuit
594 3115 634 3167 pr.
654 3097 695 3151 38.
717 3097 759 3152 40.
778 3098 823 3150 49.
842 3098 981 3152 vocabula
998 3096 1072 3152 inter
1090 3114 1119 3152 se
1138 3097 1268 3167 opposita
1287 3113 1382 3151 conso·

260 3185 347 3239 eiavit
371 3190 402 3239 51
424 3185 594 3240 contrarium
617 3190 732 3256 augeret
749 3205 792 3256 pr.
814 3187 845 3240 11
867 3188 1109 3242 5122555155]
1133 3187 1177 3240 551
1196 3187 1254 3240 vim
1277 3185 1383 3255 imponi

260 3274 350 3328 voluit
368 3273 450 3329 initio
469 3273 563 3344 posuit
580 3276 695 3344 55169.
716 3275 864 3344 analogias
877 3292 960 3329 causa
972 3277 1121 3330 verborum
1138 3275 1262 3330 ordinem
1274 3273 1385 3330 videtur

261 3363 414 3419 instituisse
437 3383 479 3435 pr.
502 3366 535 3420 57
559 3365 666 3434 51255,
691 3367 815 3438 utroque¹
832 3365 907 3419 enim
930 3365 991 3420 loco
1015 3365 1158 3420 antecedit
1182 3363 1384 3419 substantivum

261 3454 358 3508 eodem
376 3454 458 3508 modo
478 3471 540 3509 cum
560 3452 698 3509 adieetivo
717 3453 903 3508 coniunctum.
940 3453 982 3508 Ex
1000 3452 1035 3506 iis
1059 3456 1149 3507 autem
1169 3452 1216 3522 qui
1240 3457 1385 3508 remanent

260 3541 327 3597 loeis
339 3573 371 3584 -
387 3547 453 3597 sunt
471 3546 605 3612 quantum
623 3542 704 3598 video
723 3543 869 3598 duodecim
882 3541 1055 3611 -plerique
1074 3541 1243 3612 reliquomm
1261 3543 1385 3598 locorum

261 3632 365 3687 auxilio
384 3631 567 3703 explicantur.
605 3631 730 3686 Sufficiat
749 3650 820 3686 nunc
840 3649 873 3686 ea
892 3649 963 3700 quae
982 3631 1086 3700 protuli
1104 3649 1160 3686 non
1183 3635 1242 3687 tam
1265 3634 1385 3702 pertrac-

260 3727 335 3776 tasse
354 3739 437 3791 quam
455 3721 591 3792 attigisse.

351 3813 376 3881 1)
396 3811 492 3880 Neque
511 3812 531 3882 Ι,
552 3813 594 3879 75,
614 3811 662 3866 ubi
679 3811 745 3866 15Α
765 3815 856 3867 exstat
874 3807 934 3882 χρή,
954 3808 983 3864 15
1003 3811 1024 3864 Β
1044 3813 1087 3866 δεῖ
1102 3813 1144 3880 (1);
1165 3809 1215 3882 δή),
1235 3811 1386 3881 quidquam

261 3901 388 3957 mutavit.

350 3993 377 4063 2)
396 3992 521 4047 Tertium
544 3993 617 4062 quod
641 3991 805 4048 Weidnerus
829 3991 974 4047 constituit
1000 3992 1126 4047 codicum
1153 4009 1239 4062 genus
1268 3991 1386 4047 mixtum

261 4083 320 4154 (M.)
333 4081 437 4136 nullius
450 4084 492 4136 551
505 4080 652 4151 dignitatis
665 4098 754 4151 neque
767 4080 880 4136 omnino
898 4082 1042 4152 proprium
1055 4080 1141 4136 efficit
1152 4080 1279 4136 codicum
1291 4098 1386 4151 genus,

262 4172 311 4227 sed
330 4170 492 4226 deterrimos
510 4170 653 4240 utriusque
672 4169 767 4225 classis
785 4170 910 4226 continet
928 4171 1046 4237 codices,
1068 4169 1119 4225 alii
1132 4169 1207 4225 enim
1219 4171 1255 4225 ad
1273 4170 1326 4226 hoc
1338 4170 1387 4244 alii

261 4262 299 4314 ad
317 4259 388 4314 illud
406 4278 493 4330 genus
511 4259 625 4330 propius
643 4260 787 4326 accedunt,
806 4259 861 4314 nisi
879 4261 953 4329 quod
971 4259 1001 4313 in
1019 4258 1178 4314 universum
1197 4259 1387 4330 multomagis

261 4348 386 4419 corrupti
405 4353 470 4406 sunt
482 4367 564 4417 quam
584 4348 676 4414 ceteri,
696 4350 775 4404 velut
797 4349 827 4404 in
850 4349 941 4419 prima
959 4349 1085 4405 oratione
1104 4349 1212 4404 codices
1229 4349 1248 4403 h
1268 4367 1286 4418 q
1304 4348 1387 4403 Bsrb.
