3232 4856
696 242 918 297 ..70-

246 416 390 494 ψασάαι,
416 433 455 475 ex
479 433 541 494 qua
558 411 666 475 eadem
689 412 792 476 forma
808 411 1028 496 compendiose
1054 413 1172 496 scripta
1196 417 1307 476 natum
1324 418 1370 476 est

245 515 427 603 ἐπισκῆψαι
451 519 637 601 compendio
661 519 743 582 male
767 519 881 584 soluto

335 624 452 690 Contra
475 625 533 688 has
557 625 586 688 A
610 626 733 709 generis
757 626 906 709 copiasB
930 632 1053 710 pugnat
1077 626 1126 690 his
1150 626 1242 690 locis:
1265 649 1311 709 pr.
1330 633 1369 690 59

246 727 279 794 in
306 731 334 794 B
362 731 396 815 gl
424 735 455 795 et
482 729 582 815 Harp.
610 732 710 796 lexico
740 732 857 795 tradita
885 737 959 796 sunt
987 733 1084 796 verba
1111 733 1302 818 (συνέτριβον
1329 729 1369 794 τὰ

245 841 396 925 σκευάρια
420 841 473 904 καὶ
496 839 697 925 διερρίπτουν
711 838 756 915 εἰς
771 838 827 923 τὴν
851 837 934 915 ὁδὸν,
952 837 1171 924 ἀστραγάλους
1187 843 1223 903 σε’
1239 841 1310 924 (σαι.
1327 841 1369 925 A)

245 971 334 1024 τινας
361 946 568 1033 διασείστους)
598 949 651 1011 καὶ
684 945 804 1033 φιμοὰς
832 949 885 1011 καὶ
913 946 1081 1031 κυβευτικὰ
1116 946 1207 1032 ἕτερα
1242 941 1369 1032 ὄργανα,

245 1077 317 1119 cum
342 1056 371 1118 A
396 1056 504 1120 classis
532 1055 648 1120 habeat
676 1056 844 1120 lectionem
872 1057 967 1138 plane
990 1057 1145 1120 diversam
1169 1057 1222 1120 καὶ
1251 1055 1371 1141 φιμοὺς
1444 1061 1450 1066 ’

245 1163 299 1225 καὶ
332 1162 448 1244 κύβους
485 1163 538 1224 καὶ
570 1159 661 1245 ἕτερά
690 1185 762 1224 τινα
791 1158 918 1246 ι’)’ργαναι
966 1162 1068 1227 Locus
1101 1166 1207 1226 autem
1239 1162 1292 1225 hic
1325 1167 1372 1226 est

245 1268 464 1353 gravissimus,
498 1268 572 1352 quia
600 1269 810 1353 discrepantia
841 1270 941 1333 maior
973 1273 1021 1332 est
1054 1291 1149 1352 quam
1181 1273 1218 1332 ut
1247 1269 1371 1332 credere

245 1375 401 1457 possimus
425 1397 490 1438 non
517 1375 635 1439 factam
659 1377 788 1440 essedo
811 1376 978 1453 industria,
1002 1398 1038 1439 eo
1062 1376 1180 1454 minus,
1204 1376 1278 1459 quia
1302 1397 1370 1439 mu·

245 1482 333 1546 tandi
357 1505 451 1546 causa
474 1484 624 1566 cognosci
646 1487 760 1566 potest.
806 1482 891 1548 Nam
915 1484 942 1547 si
966 1505 1121 1566 quaenam
1144 1485 1207 1546 sint
1235 1483 1291 1546 illa
1320 1507 1370 1544 κυ-

245 1587 376 1671 βευτικὰ
401 1585 491 1674 ἕτερα
516 1586 634 1673 ὄργανα
658 1591 856 1674 spectaveris
878 1591 968 1654 nulla
988 1590 1128 1655 invenies
1145 1611 1225 1672 quae
1247 1590 1370 1672 possint

246 1695 379 1780 cogitari
395 1695 457 1760 nisi
472 1698 557 1761 solos
573 1697 697 1780 κύβους.
732 1699 817 1780 quod
833 1720 905 1761 oum
920 1698 1146 1782 grammaticus
1163 1696 1218 1780 (A)
1233 1697 1370 1775 vidisset,

244 1803 306 1867 hoo
326 1804 430 1887 ipsum
445 1803 634 1869 vocabulum
649 1804 791 1883 inseruit,
805 1804 929 1888 reliqua
943 1809 980 1868 ut
996 1804 1101 1868 sensui
1120 1805 1370 1868 accommodaret

245 1911 388 1994 paullum
410 1911 598 1976 immutavit.
636 1910 749 1994 Neque
764 1933 838 1976 vero
855 1915 902 1976 est
918 1934 973 1975 our
988 1911 1084 1976 rerba
1099 1912 1164 1986 illa,
1187 1912 1371 1994 praesertim

246 2039 327 2100 quae
347 2017 610 2101 Harpocrationis
625 2018 806 2082 testimonio
824 2018 1056 2095 confirmentur,
1080 2018 1198 2081 oratori
1214 2018 1370 2081 abiudioe-

244 2146 323 2201 mus,
339 2146 414 2188 nam
437 2123 555 2207 scripta
577 2124 723 2188 videntur
747 2147 814 2188 esse
836 2129 872 2188 ut
895 2146 1043 2188 numerus
1063 2146 1169 2188 rerum
1184 2123 1313 2190 illarum
1329 2125 1369 2188 ad

244 2231 385 2296 facinora
408 2231 534 2316 legibus
556 2232 654 2295 vetita
678 2231 892 2295 adhibitorum
917 2254 1012 2315 quam
1036 2231 1191 2296 maximus
1213 2232 1369 2296 describe-

244 2343 345 2402 retur:
379 2343 427 2402 est
456 2338 547 2421 quasi
579 2339 760 2421 exemplum
793 2339 1055 2421 amplificationis.
1108 2338 1239 2403 Minime
1270 2339 1369 2424 igitur

245 2445 452 2509 assentiemur
480 2445 609 2510 Nabero
638 2447 693 2529 qui
722 2446 768 2529 (in
795 2447 893 2530 praef.
923 2447 961 2510 ad
989 2446 1096 2531 Phot.)
1130 2445 1217 2510 nisus
1245 2447 1368 2511 duobus

245 2553 323 2617 locis
347 2553 450 2637 quinti
473 2554 567 2618 lexici
590 2553 687 2618 Bekk.
710 2575 763 2638 pg.
789 2560 852 2618 314
870 2577 898 2618 v.
923 2558 1031 2638 φιμοί·
1056 2552 1226 2638 κυβευτικὰ
1251 2550 1368 2639 ὄργανα

245 2665 277 2724 et
302 2667 380 2740 205,
403 2684 432 2727 v.
456 2658 651 2746 ἀστράγαλοι
675 2659 862 2724 ὰιάσειστοι·
893 2660 922 2724 οἱ
946 2662 1082 2743 μεγάλοι
1110 2663 1164 2725 καὶ
1192 2663 1368 2744 κυβευτικὰ

190 2854 192 2857 ¹
244 2764 440 2852 ἀστράγαλοι
456 2765 489 2830 ἐν
504 2767 550 2850 τῷ
572 2767 753 2850 βάλλεσθαι
770 2769 978 2852 expungenda
995 2791 1062 2832 esse
1079 2769 1162 2852 apud
1178 2768 1369 2832 Aeschinem

245 2874 342 2937 verba
357 2876 410 2936 καὶ
426 2873 594 2956 κυβευτικὰ
612 2871 731 2958 ὄργανα
747 2878 861 2952 censet,
883 2876 957 2957 quia
974 2874 1223 2939 Atheniensibus
1239 2875 1367 2939 minime

246 3002 325 3063 opus
348 2980 445 3043 fuerit
467 2980 734 3063 interpretatione.
773 3002 838 3043 non
858 2985 950 3058 recte,
973 2982 1175 3064 nequeenim
1191 2982 1295 3045 verbis
1319 2982 1367 3044 his

245 3087 414 3171 explicatio
438 3087 489 3150 vel
512 3087 730 3172 interpretatio
751 3087 806 3151 sed
821 3110 904 3152 nova
920 3088 1044 3152 additur
1059 3111 1122 3165 res;
1146 3089 1267 3152 accedit
1283 3088 1368 3172 quod

245 3195 289 3258 eis
317 3194 393 3278 ipsis
422 3217 500 3278 quos
529 3194 637 3259 attulit
664 3195 779 3278 glossis
807 3195 935 3260 omnino
964 3195 1044 3260 nihil
1070 3196 1237 3279 probatur,
1265 3202 1367 3278 neque

244 3301 328 3364 enim
357 3301 455 3365 altera
480 3301 653 3385 quidquam
677 3303 714 3365 de
738 3302 841 3365 verbis
870 3301 994 3366 traditis
1022 3323 1080 3366 nos
1103 3302 1194 3366 docet
1223 3307 1254 3366 et
1281 3301 1367 3385 prior

244 3407 370 3472 brevior
398 3413 445 3472 est
474 3430 568 3491 quam
596 3411 632 3472 ut
661 3408 817 3492 integram
846 3408 936 3472 uobis
962 3431 1029 3472 esse
1058 3412 1214 3473 servatam
1242 3409 1367 3472 credere

243 3515 376 3597 possim3
400 3515 497 3579 immo
513 3515 683 3580 verisimile
698 3515 831 3594 videtur,
852 3538 954 3598 pauca
969 3517 1031 3580 ista
1045 3515 1143 3580 verba
1159 3538 1198 3578 ex
1214 3515 1366 3599 ampliore

245 3621 322 3684 olim
344 3622 453 3706 glossa
475 3645 637 3705 superesse
660 3627 692 3685 et
715 3645 796 3705 quae
819 3645 902 3686 nuuc
918 3623 1094 3705 explicandi
1111 3644 1206 3687 causa
1220 3622 1367 3686 videntur

244 3728 366 3792 adiecta
389 3751 456 3792 esse
480 3727 648 3811 κυβευτικὰ
674 3725 791 3814 ὄργανα
815 3729 892 3792 olim
916 3734 952 3793 ut
969 3729 1254 3814 Aeschinis-ipsius
1269 3729 1366 3793 verba
1420 3771 1423 3778 =

243 3836 341 3900 fuisse
365 3836 468 3900 allata.

333 3966 379 4027 pr.
406 3949 445 4007 70
469 3943 534 4028 Bgl
558 3966 628 4008 cum
651 3945 711 4010 lex.
735 3944 864 4010 Bachm.
889 3949 1016 4008 auctore
1038 3945 1135 4009 tradit
1158 3943 1366 4028 προαχθήσο-

243 4055 304 4131 μαί
326 4075 357 4112 τι
382 4047 457 4134 (ὅτις
481 4050 557 4134 Bgl)
582 4055 772 4136 σαφέστερον
794 4049 906 4126 εἰπεῖν,
932 4073 1004 4115 cum
1027 4050 1057 4113 A
1080 4071 1137 4134 pro
1158 4049 1365 4134 προαχθήσο-

242 4181 304 4238 μαι
327 4157 443 4221 habeat
466 4155 699 4242 ἐξαχθήσομαι,
726 4157 781 4240 qui
805 4157 964 4222 dissensus
988 4179 1057 4222 eam
1080 4158 1121 4221 ob
1145 4179 1275 4220 causam
1301 4177 1366 4219 non

239 4269 292 4327 est
314 4264 423 4348 magni
446 4264 607 4328 faciendus
632 4265 706 4348 quia
730 4270 761 4328 et
783 4265 1054 4349 praepositionum
1082 4264 1273 4348 permutatio
1298 4285 1365 4328 sae·
