3232 4856
691 297 911 354 ..58-

331 469 485 533 Rhetores
501 457 633 553 graecos
649 490 730 553 quae
746 469 882 533 efferunt
896 468 1064 533 Aeschinis
1079 469 1176 533 verba
1191 469 1225 533 in
1244 470 1365 534 artibus

240 576 407 640 rhetoricis
435 575 486 639 vel
513 576 643 640 scholiis
671 576 861 640 monendum
890 581 920 640 et
947 576 1107 640 liberrime
1136 581 1167 640 et
1194 577 1365 661 neglegen-

240 682 363 746 tissime
395 683 582 766 plerumque
613 682 796 766 protulisse,
834 684 880 746 ita
912 683 955 747 ut¹
980 695 1073 766 saepe
1105 684 1231 747 eredere
1263 683 1365 767 possis

241 788 396 853 memorie
419 810 471 853 eos
494 790 633 853 tenuisse
657 794 688 853 et
711 789 756 854 ita
778 789 958 866 tradidisse3
982 795 1066 854 certo
1091 790 1219 873 quidem
1239 789 1366 874 qualem

242 896 422 985 adhibuerit
454 896 589 982 oratoris
622 896 761 961 codicem
794 898 831 961 de
863 918 927 961 uno
955 897 1080 961 videtur
1111 898 1189 962 mihi
1223 901 1365 962 constare

240 989 366 1068 Josnne
390 1003 531 1069 Siciliota
555 1005 609 1088 qui
631 1027 678 1087 pr.
705 1009 766 1068 202
792 1026 863 1068 cum
886 1003 916 1068 A
941 1005 1069 1070 exhibet
1092 1002 1148 1068 ἐὰν
1170 1004 1206 1068 δέ
1222 1054 1229 1068 .
1248 1055 1255 1068 .
1274 993 1284 1068 ,ἵ
1302 1029 1365 1068 πα-

241 1109 366 1196 ρακαλῇ
395 1114 601 1195 Δημοσθένην
625 1113 656 1174 et
683 1110 790 1194 paullo
818 1110 900 1174 infra
923 1111 1075 1196 σοφιστήν
1099 1111 1221 1176 cumB
1250 1113 1367 1176 habeat

242 1215 299 1281 ἐὰν
321 1216 378 1281 δέ.
405 1267 412 1281 .
439 1215 671 1303 ,Δημοσθένην
694 1217 870 1302 παρακαλῇ
894 1223 925 1310 et
947 1218 1122 1304 κακοῦργον
1142 1215 1366 1304 ἄνθρωπον1);

241 1326 326 1388 idem
350 1326 459 1388 rhetor
483 1325 640 1412 consentit
664 1326 759 1389 etiem
783 1347 854 1389 cum
878 1327 909 1390 A
931 1326 987 1390 ubi
1014 1327 1152 1411 genuina
1179 1327 1274 1398 lectio
1303 1349 1366 1390 ser-

244 1437 318 1496 vata
346 1436 392 1496 est
420 1432 453 1496 in
477 1431 503 1495 B
528 1432 640 1510 classe,
662 1431 790 1522 omittit
814 1433 898 1496 enim
921 1433 952 1496 A
977 1455 1077 1517 genus
1102 1438 1225 1497 secutus
1249 1433 1366 1519 ῥήμασι

242 1539 434 1603 vocabulum
462 1540 547 1622 quod
571 1543 674 1603 exstat
701 1539 735 1602 in
758 1538 786 1602 B
809 1540 956 1623 quodque
980 1563 1088 1604 sensus
1116 1541 1210 1605 huius
1237 1541 1300 1605 loci
1323 1580 1366 1588 -

244 1645 427 1728 oppositum
451 1649 498 1709 est
523 1645 638 1726 νόμους
661 1647 730 1709 voci
746 1683 789 1692 —
806 1646 954 1729 exposcit.
994 1646 1111 1710 Contra
1137 1668 1209 1710 cum
1225 1647 1252 1711 B
1269 1648 1366 1712 classe

242 1750 383 1814 Jcannes
409 1751 507 1815 habet
535 1750 563 1816 εἰ
591 1753 725 1827 καλέσω,
750 1749 794 1817 A:
822 1751 849 1814 εἰ
872 1753 1027 1828 selectu:
1056 1755 1119 1831 sed¹
1135 1775 1206 1824 cum
1234 1753 1366 1837 utraque

243 1859 333 1923 verbi
365 1859 466 1924 forma
498 1860 579 1940 falsa
607 1865 638 1923 et
671 1882 775 1924 errore
804 1883 842 1924 ex
869 1861 983 1944 καλέση
1012 1862 1157 1925 videatur
1187 1865 1263 1926 nata
1291 1884 1366 1940 esse,

244 1968 480 2031 concedendum
507 1967 599 2030 nihili
623 1989 689 2031 esse
717 1968 801 2031 hunc
829 1969 943 2033 locum.
989 1967 1101 2052 ltaque
1125 1969 1245 2052 optimo
1274 1973 1366 2051 puta·

244 2073 349 2137 bimus
376 2074 444 2136 iure
473 2075 658 2157 deprompta
692 2096 759 2138 esse
785 2075 882 2138 verba
915 2075 1012 2138 allata
1045 2096 1084 2137 ex
1116 2074 1151 2139 A
1178 2075 1367 2139 recensionis

244 2181 359 2244 codice.
406 2181 467 2245 Sed
494 2181 622 2244 iuvatne
654 2182 716 2244 hoc
744 2186 827 2248 nos?
865 2181 1045 2245 Dolendum
1074 2183 1158 2265 quod
1190 2182 1271 2246 nihil
1302 2181 1367 2246 fere

243 2288 344 2364 iuvat,
372 2309 445 2350 nam
474 2269 639 2350 et'rhetor
666 2289 734 2370 ipsc
762 2289 946 2352 recentioris
975 2274 1021 2352 est
1049 2289 1118 2352 aevi
1142 2311 1237 2373 quem
1265 2294 1300 2353 ut
1329 2291 1367 2352 de

244 2393 405 2458 codicibus
437 2377 624 2458 Aeschineis
655 2395 748 2459 facile
780 2416 862 2458 nova
894 2395 1005 2460 docere
1037 2419 1095 2460 nos
1132 2396 1234 2479 possit
1265 2417 1367 2478 neque

244 2501 340 2565 verba
364 2501 462 2564 allata
486 2502 525 2564 ad
548 2501 645 2565 alium
673 2501 865 2586 rhetorem2)
891 2503 1100 2586 antiquiorem
1128 2504 1195 2583 sed,
1223 2503 1255 2566 id
1283 2485 1368 2586 quod

242 2631 282 2672 ex
305 2608 375 2692 ipso
399 2608 455 2672 illo
479 2608 615 2672 rhetoris
638 2609 711 2673 loco
736 2609 909 2694 appares),
939 2610 977 2673 ad
1001 2612 1135 2674 oratoris
1158 2611 1257 2694 ipsius
1282 2611 1367 2674 codi-

244 2738 312 2779 cem
334 2717 474 2779 redeunt.
500 2754 540 2762 ·-
565 2715 694 2799 Reliqui
717 2717 859 2780 rhetores
884 2739 956 2804 cum
979 2717 1006 2780 B
1030 2738 1143 2801 genere
1167 2717 1367 2781 consentiunt

243 2823 292 2886 his
306 2823 407 2894 locis:

331 2951 378 3012 pr.
396 2936 414 2991 9
433 2929 637 2993 Marcellinus
654 2929 768 2993 cumB
791 2929 889 2992 habet
911 2927 970 3005 τὰς
994 2935 1144 3013 μεγίστας
1169 2928 1271 3016 α’ρχάς
1295 2953 1367 2994 cum

243 3037 277 3099 in
292 3036 323 3100 A
346 3035 498 3100 traditum
522 3036 564 3099 sit
586 3040 737 3119 μεγίστας
753 3032 854 3121 α’ρχοὶς
870 3033 903 3100 ἐν
918 3035 957 3120 τῇ
973 3037 1078 3112 πόλει,
1104 3038 1154 3101 cui
1176 3038 1247 3102 loco
1271 3060 1366 3122 prop·

241 3149 330 3206 terea
358 3165 474 3228 magna
496 3143 543 3208 vis
571 3166 634 3206 non
657 3143 839 3221 tribuenda,
868 3144 953 3227 quod
977 3149 1009 3207 et
1031 3146 1090 3220 τοῖς
1113 3167 1175 3208 vox
1199 3169 1217 3208 a
1240 3146 1367 3209 rhetore

242 3256 274 3314 et
297 3251 504 3334 grammatico
529 3251 653 3314 videtur
677 3251 783 3314 addita
807 3273 874 3315 esse
897 3252 964 3335 (cfr.
980 3272 1032 3335 pg.
1050 3253 1105 3335 21)
1123 3256 1153 3316 et
1168 3249 1201 3314 ἐν
1216 3251 1255 3336 τῇ
1271 3253 1366 3316 πόλει

240 3359 395 3422 vocabula
424 3381 461 3422 ex
489 3358 617 3422 scholiis
645 3358 820 3441 posteriore
853 3364 995 3442 tempore
1022 3359 1105 3422 inter
1131 3359 1201 3441 ipsa
1231 3359 1365 3422 oratoris

242 3465 338 3529 verba
366 3466 547 3548 inrepsisse3
577 3465 697 3529 accedit
725 3466 810 3549 quod
838 3465 1014 3551 paullulum
1043 3466 1127 3529 infra
1149 3466 1232 3529 idem
1259 3467 1368 3530 rhetor

333 3715 359 3782 1)
379 3714 433 3766 duo
452 3712 597 3766 Aeschinis
616 3712 724 3766 codices
743 3731 756 3764 z
776 3717 804 3767 et
828 3712 899 3766 Flor.
923 3712 1029 3766 habent
1053 3707 1186 3782 σοφιστὴν
1208 3717 1367 3783 κακοῦργον

243 3795 407 3872 ἄνθρωπον,
433 3819 487 3870 qua
505 3819 539 3855 ex
561 3819 591 3856 re
610 3805 727 3871 apparet
746 3803 831 3857 verba
849 3802 917 3856 haec
936 3802 1094 3872 explicandi
1113 3819 1196 3856 causa
1216 3802 1260 3856 illi
1283 3802 1367 3856 fuisse

244 3891 385 3960 adscripta
403 3892 476 3945 unde
494 3891 525 3945 iu
543 3893 565 3944 B
584 3909 686 3962 genere
703 3891 734 3945 in
746 3891 837 3961 ipsam
850 3891 1005 3946 orationem
1023 3895 1221 3961 pervenerunt3
1241 3891 1367 3946 scholion

243 3979 319 4035 redit
336 3981 453 4035 fortasse
472 3982 508 4034 ad
526 3999 568 4050 pr.
589 3983 630 4036 16.

332 4071 358 4139 2)
379 4070 414 4123 ad
436 4069 640 4138 Hermogenem
662 4069 752 4124 redire
776 4086 810 4123 ea
832 4071 918 4124 verba
941 4087 1013 4138 quae
1041 4068 1123 4122 initio
1150 4069 1231 4122 huius
1259 4068 1366 4138 glossae

241 4159 337 4229 posita
356 4161 428 4224 sunt,
448 4161 567 4228 apparet
579 4176 613 4213 ex
625 4157 722 4213 ordine
734 4160 892 4213 verborum:
913 4158 1051 4214 consentit
1064 4158 1140 4214 enim
1151 4159 1168 4212 J
1170 4175 1272 4212 oannes
1285 4157 1366 4211 initio
1403 4225 1408 4231 .

241 4248 351 4318 glossae
370 4265 432 4301 cum
454 4248 593 4316 Hermog„
618 4266 680 4302 cum
702 4247 798 4317 paullo
822 4247 895 4302 infra
918 4247 948 4301 in
971 4247 1038 4317 ipsis
1057 4247 1173 4302 oratoris
1192 4245 1283 4300 verbis
1302 4246 1368 4300 affe·

242 4337 334 4391 rendis
353 4335 496 4391 Aeschinis
520 4337 645 4391 codicum
668 4337 817 4391 lectionem
840 4337 875 4391 ab
894 4337 1024 4406 Hermog.
1044 4336 1231 4390 discedentem
1253 4335 1366 4390 habeat.
