3232 4856
717 261 937 317 ..23-

264 433 483 520 θαργηλιιῦνος
506 431 603 518 μηνὸς
618 431 749 518 δευτέρᾳ
765 437 938 518 φθίνοντος
955 483 961 496 .
981 483 987 496 .
1008 482 1014 495 .
1032 429 1152 516 ἀγοράν
1163 471 1203 480 -
1214 434 1267 496 καὶ
1283 433 1385 518 τρίτη]

265 542 421 606 Theodor.
446 539 539 605 Gaza.
563 540 601 605 de
624 562 720 604 mens,
742 539 874 606 Uranol.
897 540 1007 606 Patav.
1034 546 1106 616 283,
1123 546 1173 604 26.

320 670 330 732 Ι)
345 667 538 735 Θαργηλιῶνος
556 662 654 733 μηνόςε
673 664 704 718 B.
724 664 751 718 h.
771 663 875 747 Theod.
894 664 950 720 inv.
970 664 1040 718 ord.:
1060 664 1092 717 A.
1107 667 1117 730 Ι)
1132 666 1387 735 ’Σκιροφοριῶνοςε

317 755 428 823 elagm
447 753 549 808 Theod.
570 755 829 824 Σκιρροφοριῶνος
849 753 875 808 k.
895 772 921 806 n.
941 755 968 806 h.
982 757 993 820 1)

356 869 406 927 28.
429 860 800 948 Ἆντιόιαιτλέκει],ιοορ.
824 862 924 928 Bekk.
949 887 996 928 an.
1020 851 1093 941 198,
1112 871 1138 928 7.
1172 862 1314 946 (Bachm.
1339 887 1387 928 an.
1460 946 1463 952 Ι

265 969 289 1049 Ι,
314 975 386 1047 100,
412 970 475 1054 28.)
507 969 645 1054 Hesyeh.
669 992 696 1034 v.

321 1081 331 1142 Ι)
344 1074 474 1143 Hesych.:
494 1069 574 1128 ἀντία
593 1073 713 1139 πλέκειν,
733 1076 808 1144 quod
826 1075 1026 1145 corrigendum.
1041 1079 1051 1141 Ι)
1159 1113 1160 1120 .

355 1173 404 1232 29.
428 1163 635 1252 Ἑπιστᾶται]
661 1197 702 1221 =
719 1165 775 1244 ΙΙΙ,
800 1171 851 1232 14.

261 1271 446 1357 (Ηγεμονιάς
468 1271 688 1359 δικαστηρίων]
717 1305 757 1328 =
774 1272 830 1352 HI,
856 1279 906 1340 14.

208 1381 214 1384 ’
353 1386 403 1444 30.
431 1379 592 1465 Tanta]
611 1402 692 1462 resp.
709 1378 807 1462 Harp.
824 1401 850 1442 r.
886 1379 983 1464 (Suid.
1002 1380 1095 1446 Phot.
1115 1387 1255 1458 605,19.
1289 1380 1387 1446 Bekk.

262 1509 311 1550 an.
338 1492 412 1564 306,
437 1493 478 1549 24
504 1487 564 1570 ep.)
598 1487 654 1551 afr.
678 1484 781 1549 Schol.
807 1485 899 1549 adh.
924 1487 944 1551 l.

320 1594 331 1657 Ι)
344 1592 463 1662 τρίτοεςε
483 1608 557 1660 gmn.
578 1585 682 1661 τριτύςε
702 1589 788 1659 Harp.
808 1589 839 1645 B.
860 1589 888 1644 Ο.
903 1594 913 1656 Ι)

356 1688 405 1745 34.
428 1679 461 1743 ‘0
483 1681 541 1762 μὲν
564 1685 742 1767 νομοθέτης
765 1681 885 1745 κελεύει
909 1683 992 1767 sqq]
1017 1705 1098 1766 resp.
1122 1682 1266 1762 TzeizeS,
1290 1685 1387 1750 schol.

264 1789 297 1852 in
321 1787 470 1874 Hermog.
497 1789 597 1854 Onam.
621 1813 669 1854 an.
695 1788 795 1854 Oxou.
819 1788 873 1867 IV,
900 1793 972 1866 140,
998 1797 1025 1854 5.

266 1895 376 1980 Πυκνί]
402 1917 484 1978 resp.
509 1895 613 1962 Sahal.
636 1897 670 1958 in
692 1895 823 1961 Aristid.
848 1896 886 1962 D.
912 1902 985 1974 566,
1011 1903 1060 1960 25.
1096 1896 1160 1982 [Fr.
1186 1903 1259 1975 217,
1285 1898 1327 1983 3.]

355 2008 405 2068 38.
430 2007 664 2088 Προοτέτακται
688 2015 755 2078 τοῖς
778 2007 1000 2085 θεσμοθέταις
1016 2004 1098 2089 sqq]
1124 2027 1204 2088 resp.
1225 2005 1331 2070 Schol.
1355 2006 1389 2068 in

250 2109 353 2175 -Duu
379 2115 430 2188 19,
456 2116 528 2174 128.

265 2217 498 2302 Θεομοθέταις]
523 2239 603 2300 resp.
627 2216 725 2301 Harp.
749 2241 777 2284 v.
811 2216 908 2303 (Suid.
933 2217 1027 2283 Phot.
1054 2224 1105 2296 87,
1131 2224 1180 2283 10.
1214 2219 1313 2284 Bekk.
1338 2243 1386 2284 an.

266 2329 339 2400 264,
365 2324 428 2407 15.)
462 2323 599 2406 Hesyeh.
622 2347 652 2392 r.

265 2427 312 2492 Εἴ
325 2452 391 2493 ιτοο
400 2429 477 2494 εἰσίν
488 2469 528 2477 -
540 2431 703 2516 πράξειας]
710 2431 735 2515 1)
752 2432 912 2510 Priscian..
928 2433 1063 2497 institut.
1079 2453 1177 2516 gram.
1188 2431 1305 2511 XVIII,
1317 2441 1389 2499 270.

264 2538 371 2602 Hertz.

321 2645 332 2708 Ι)
345 2637 407 2705 ἑνός
425 2646 489 2711 post
508 2643 630 2706 αλείουςι
650 2642 747 2697 Aesuh.
768 2635 807 2705 εἷς
824 2646 889 2711 post
907 2639 1045 2713 πράξεωςι
1066 2643 1222 2710 Prisciani!

356 2739 406 2798 39.
430 2733 617 2818 Πρυτάνεις]
643 2733 742 2816 Harp.
765 2756 794 2798 v.
828 2732 925 2817 (Suid.
950 2733 1043 2798 Phot.
1065 2739 1138 2812 468,
1156 2741 1184 2800 7.
1217 2733 1316 2800 Bekk.
1340 2758 1389 2800 an.

266 2845 339 2918 291,
365 2848 393 2906 4.
426 2841 531 2906 Schol.
555 2841 589 2904 in
611 2841 700 2906 Dem.
727 2846 875 2919 18,169.
1004 2823 1006 2828 ¹

266 2946 444 3033 Προέόριον]
469 2971 548 3033 resp.
573 2948 671 3033 Harp.
695 2972 723 3014 v.
754 2949 852 3033 (Suid.
876 2949 969 3014 Phot.
995 2956 1068 3027 452,
1094 2951 1135 3034 4.)
1169 2950 1223 3014 cfr.
1245 2951 1344 3035 Harp.
1360 2975 1388 3015 v.

264 3051 439 3140 ἒιτιοτοίτης
462 3060 493 3119 et
515 3055 572 3132 ΙΙΙ,
597 3063 625 3118 4.

356 3167 406 3227 41.
429 3159 735 3249 ‘I'rcorppu'geipevoe]
759 3162 851 3227 Phot.
878 3169 950 3240 628,
969 3170 1018 3227 10.
1053 3164 1170 3247 (Etym,
1187 3163 1230 3228 M.
1249 3169 1321 3240 282,
1340 3170 1389 3230 32.

265 3269 365 3334 Bekk.
389 3292 438 3334 an.
463 3274 536 3345 312,
561 3270 625 3352 25.)
659 3269 713 3334 cfr.
736 3269 893 3334 Polion.
917 3267 972 3345 IV,
997 3275 1048 3332 94.

356 3383 405 3440 43.
430 3373 602 3462 Ἑναντίον]
629 3376 767 3460 Hesych.
791 3399 818 3440 v.
853 3377 907 3460 (τ-
924 3369 1109 3459 ἕνιόιτιον).ἶ)

323 3485 333 3548 Ι)
345 3481 442 3536 Aesch.
461 3480 488 3534 h.
508 3482 525 3536 l.
545 3483 632 3536 habet
650 3477 778 3545 ἐνώπιον,
798 3481 874 3549 quod
893 3484 959 3535 ante
978 3479 1164 3534 atticistarum
1188 3483 1316 3550 tempora
1335 3499 1391 3535 non

357 3680 382 3746 1)
402 3676 432 3731 Si
450 3677 480 3730 in
497 3676 595 3731 Aesuh.
616 3677 695 3748 eodd.
715 3676 741 3729 h.
762 3676 780 3729 l.
800 3675 922 3745 genuina
940 3675 1024 3730 leutio
1043 3678 1152 3730 servata
1164 3678 1213 3742 est,
1233 3675 1390 3731 Priscianus

264 3765 387 3837 turpiter
411 3765 525 3835 erravit,
550 3765 631 3821 affert
653 3766 728 3821 enim
750 3765 823 3819 hune
846 3766 938 3820 locum
962 3768 994 3818 ut
1017 3765 1188 3820 demonstret
1209 3765 1314 3820 dietum
1333 3784 1391 3822 esse

266 3853 444 3924 abantiquis
464 3854 620 3909 oratoribus
639 3855 750 3918 πλείους
769 3847 808 3918 εἷς
827 3855 925 3910 eadem
948 3853 1150 3922 significatione
1174 3857 1257 3922 atque
1281 3856 1392 3917 πλείους

266 3939 336 4008 ἑνός.
375 3943 519 4009 Quodeum
541 3961 596 3998 non
624 3943 660 3998 sit
683 3962 732 3997 cur
754 3943 851 3998 Aeseh.
875 3944 962 3997 verba
985 3960 1051 3996 vera
1077 3960 1133 3996 non
1157 3961 1213 3997 esse
1241 3943 1391 4010 credamus

265 4032 401 4087 Prisciani
421 4050 495 4088 error
512 4032 628 4086 fortasse
647 4031 689 4086 ita
707 4031 895 4102 explicandus,
915 4035 947 4085 ut
965 4033 1093 4101 putemus
1112 4031 1205 4085 animo
1224 4031 1282 4085 eius
1296 4033 1392 4087 obver-

267 4125 328 4176 sata
356 4140 414 4178 esse
437 4123 523 4177 verba
546 4139 617 4189 quae
639 4121 734 4190 paullo
757 4121 831 4175 infra
855 4123 1019 4189 sequuntur:
1049 4110 1125 4182 ὅπως
1148 4114 1183 4172 ι’ὶν
1206 4112 1245 4183 εἷς
1267 4119 1284 4189 ᾑ
1307 4115 1393 4188 νόμος

265 4205 369 4281 καὶμὴ
388 4212 512 4274 πλειόυςε
532 4214 649 4280 utroque
668 4215 730 4264 tum
747 4211 808 4265 loeo
828 4210 901 4265 inter
920 4227 948 4265 se
967 4209 1080 4264 c'onfusn
1099 4208 1208 4278 scripsit
1222 4226 1293 4278 quae
1312 4210 1393 4265 nobis

265 4299 370 4356 tradita
389 4303 461 4355 sunt.
499 4301 575 4354 Idem
594 4299 697 4355 accidit
715 4299 795 4355 Dion.
816 4299 904 4356 Halia.
925 4301 971 4369 ΙΙΙ,
993 4301 1051 4354 166.
