3232 4856
674 295 714 303 -
764 255 894 320 61“..

217 455 322 498 errore
354 437 466 498 natum
498 455 566 498 esse
599 456 637 498 ex
669 435 785 513 altero,
823 438 930 498 tomen
962 453 1130 498 consensus
1161 434 1261 497 mirus
1292 438 1341 497 tot

216 539 347 606 testium
369 540 403 604 in
425 561 459 604 re
482 539 573 618 falsa,
596 541 782 624 praesertim
806 563 878 606 cum
901 539 1017 604 falsam
1040 561 1108 603 esse
1124 561 1162 604 ex
1185 539 1255 623 ipso
1278 539 1343 604 loci

218 669 312 712 sensu
334 646 428 711 facile
452 650 670 731 cognoscatur.
702 647 820 714 frustra
844 647 980 710 enimsi
1003 646 1169 710 elaborant
1185 646 1240 731 qui
1262 668 1345 734 πρα-

217 753 351 836 γμάτων
382 753 459 817 ferri
489 775 583 837 posse
613 758 768 818 conantur
797 754 1011 818 demonstrare
1041 752 1232 836 explicantes
1262 775 1344 838 πρα-

220 861 353 944 γμάτων
379 882 456 924 voce
484 859 642 944 designari
674 861 835 939 „omnium
861 882 967 924 rerum
994 860 1195 945 publicarum
1219 881 1345 924 conser-

223 967 414 1044 vationem“,
437 988 540 1051 neque
556 967 640 1031 enim
655 989 764 1032 verum
779 989 888 1032 omnes
902 989 952 1032 res
975 967 1103 1050 publice
1123 971 1231 1053 gestas
1247 967 1344 1050 scrip-

218 1074 260 1139 tis
287 1096 356 1138 esse
384 1079 594 1140 conservatas.
640 1074 693 1137 An
720 1079 756 1139 tu
784 1079 877 1158 putas
901 1096 1010 1139 omnes
1034 1075 1190 1139 orationes
1217 1074 1346 1158 publice

218 1181 252 1244 in
275 1181 477 1245 contionibus
499 1180 634 1260 habitas,
658 1181 806 1265 equibus
830 1181 953 1246 animus
970 1185 1001 1245 et
1016 1177 1344 1266 naturasingulorum

220 1287 335 1351 civium
372 1287 492 1371 optime
526 1289 799 1372 cognoscebantur
829 1288 944 1353 litteris
980 1287 1108 1372 publice
1141 1310 1207 1352 esse
1240 1287 1343 1352 consi-

218 1398 352 1478 gnatas?
375 1393 485 1477 Ipsum
500 1399 606 1459 autem
621 1394 823 1480 πραγμάτων
832 1395 1024 1459 vocabulum
1039 1395 1099 1458 hac
1116 1393 1346 1479 significatione

201 1523 354 1584 ,usquam
380 1506 568 1584 usurpatum
597 1523 665 1566 esse
694 1523 757 1585 quo
787 1501 930 1586 exemplo
959 1501 1112 1585 probetur
1139 1523 1203 1565 non
1232 1501 1346 1566 inveni.

219 1605 336 1671 Contra
360 1607 478 1690 optime
501 1629 535 1671 se
558 1606 655 1672 habet
678 1607 780 1672 oratio
804 1608 831 1673 si
854 1629 927 1672 cum
949 1608 984 1672 lk
1000 1607 1162 1673 codicibus
1176 1606 1344 1672 scribimus

219 1713 430 1799 γραμμάτων;
459 1710 647 1798 descriptis
671 1715 885 1779 enimorator
912 1716 973 1779 hoc
996 1715 1065 1798 ipso
1090 1714 1243 1779 orationis
1271 1715 1344 1778 loco

220 1821 334 1886 iterum
362 1825 458 1905 atque
483 1821 603 1886 iterum
628 1821 784 1906 loquitur,
812 1821 939 1905 scriptis
962 1813 1037 1886 vera
1066 1844 1133 1886 esse
1159 1844 1240 1906 quae
1269 1821 1346 1886 dicit

219 1928 349 2011 probat,
377 1929 494 2012 scripta
521 1928 676 1993 iudicibus
704 1929 771 2014 legi
793 1929 894 1994 iubet:
923 1951 1028 1993 nonne
1051 1951 1109 1993 suo
1132 1928 1201 1993 iure
1223 1929 1257 1992 in
1281 1929 1344 1992 fine

220 2034 332 2119 capitis
358 2035 457 2099 totius
480 2034 674 2120 scriptorum
700 2035 903 2120 publicorum
926 2036 1197 2100 conservationem
1224 2035 1344 2112 laudab,

221 2164 260 2206 eo
287 2142 391 2226 magis
416 2142 502 2226 quod
528 2165 594 2206 non
620 2141 655 2207 in
678 2142 825 2208 omnibus
849 2141 1029 2208 civitatibus
1056 2143 1122 2206 illis
1150 2141 1347 2226 temporibus

221 2249 340 2332 scripta
366 2249 496 2332 publica
522 2250 670 2334 religiose
699 2254 731 2314 et
758 2251 926 2335 diligenter
954 2249 1244 2317 conservabantur?
1274 2249 1347 2313 Huc

221 2354 341 2420 accedit
369 2357 455 2439 quod
483 2355 580 2421 verba
609 2379 689 2440 quae
718 2362 894 2440 sequuntur
921 2354 1068 2442 άκίνηταν
1096 2355 1157 2442 γάρ
1185 2353 1250 2420 ἐστι
1278 2378 1346 2440 sqq.

220 2463 323 2529 multo
347 2463 452 2547 aptius
476 2465 516 2528 ad
538 2464 738 2550 γραμμάτων
759 2465 951 2530 vocabulum
967 2487 1063 2548 quam
1086 2465 1126 2528 ad
1146 2464 1348 2550 πραγμάτων

219 2571 406 2636 referuntur.
445 2568 527 2648 Quid
550 2571 668 2656 igitur?
692 2571 844 2637 traditum
867 2574 915 2636 est
938 2570 1140 2656 πραγμάτων
1155 2571 1241 2655 quod
1264 2571 1346 2634 anti-

220 2677 374 2762 quissimo
397 2682 540 2762 tempore
563 2678 597 2742 in
620 2679 786 2763 utriusque
803 2679 993 2743 recensionis
1016 2677 1115 2743 libros
1130 2679 1255 2743 videtur
1270 2679 1346 2741 irre-

220 2784 333 2869 psisse,
360 2785 405 2850 ita
427 2789 535 2850 tamen
557 2789 594 2850 ut
616 2786 650 2849 in
673 2786 775 2851 altera
797 2785 979 2852 recensione
1006 2791 1132 2870 praeter
1153 2785 1215 2850 hoc
1238 2807 1347 2850 verum

221 2914 348 2977 quoque
375 2893 455 2958 illud
487 2894 686 2980 γραμμάτων
712 2899 902 2960 servaretur:
935 2916 999 2978 qua
1026 2893 1209 2958 refectum
1237 2897 1284 2958 est
1311 2898 1347 2958 ut

221 3001 255 3063 in
277 2999 308 3064 A
332 3001 432 3065 classe
454 3004 625 3085 utrumque
648 3002 781 3066 verbum
803 3001 1001 3067 inveniamus
1025 3001 1186 3066 traditum.

310 3129 357 3191 pr.
382 3113 444 3172 258
474 3107 508 3171 in
530 3107 584 3172 Ah
613 3113 644 3172 et
672 3109 756 3192 apud
784 3108 1004 3175 Alexandrum
1028 3115 1093 3174 444
1120 3108 1274 3173 traditum
1300 3113 1347 3172 est

221 3211 411 3293 αἰσχύνεσθε
436 3209 487 3277 ὅτι
511 3212 621 3295 οἱμὲν
643 3217 789 3299 πατέρες,
814 3237 886 3280 cum
910 3237 969 3300 pro
988 3213 1037 3279 ὅτι
1054 3214 1083 3279 αἱ
1105 3214 1206 3297 μένΒ
1230 3215 1347 3279 habeat

221 3317 251 3383 el
272 3319 303 3384 ol
324 3325 392 3402 μέν,
416 3320 500 3385 idem
522 3320 632 3384 rhetor
656 3327 735 3385 448:
758 3319 787 3385 εἰ
810 3319 849 3397 αἱ,
872 3343 975 3405 neque
999 3343 1037 3386 ex
1060 3344 1094 3385 re
1114 3326 1222 3387 utrum
1237 3344 1347 3386 verum

222 3426 265 3491 sit
287 3427 481 3494 diiudicabis
520 3426 698 3512 Singnrlaris
721 3433 827 3492 autem
851 3432 900 3492 est
922 3429 1010 3493 locus
1034 3429 1109 3513 quia
1132 3428 1215 3492 idem
1238 3429 1347 3493 rhetor

222 3533 380 3598 diversam
407 3540 439 3598 et
465 3535 495 3600 A
524 3538 556 3599 et
584 3534 612 3598 B
636 3534 744 3600 classis
769 3534 896 3598 exhibet
925 3535 1127 3619 scripturam,
1155 3557 1218 3619 qua
1247 3557 1284 3600 ex
1313 3557 1347 3598 re

222 3643 355 3724 apparet
384 3663 448 3704 non
474 3643 651 3707 necessario
680 3642 735 3706 ubi
763 3640 797 3705 in
824 3642 918 3707 rebus
947 3641 1119 3707 levioribus
1148 3665 1219 3706 cum
1247 3642 1347 3707 altera

223 3746 367 3812 codicum
395 3747 493 3812 classe
521 3748 632 3814 rhetor
655 3749 803 3836 congruit
831 3750 932 3814 redire
961 3770 1147 3814 consensum
1176 3749 1216 3812 ed
1243 3749 1347 3832 ipsum

223 3855 358 3920 oratoris
381 3853 508 3932 librum,
530 3860 638 3940 potest
654 3857 747 3936 enim,
771 3862 807 3921 ut
830 3857 881 3920 hic
896 3857 948 3922 vel
970 3857 1075 3940 priore
1091 3858 1161 3921 loco
1177 3857 1228 3920 vel
1245 3857 1346 3921 altero

223 3960 346 4039 accidit,
370 3959 430 4024 soli
454 3961 549 4026 etiam
573 3963 660 4026 casui
683 3963 797 4028 deberi.

313 4067 478 4144 Quodcum
500 4068 589 4132 locos
612 4069 727 4133 allatos
750 4070 881 4135 interae
897 4069 1097 4135 conferamus
1113 4071 1347 4135 concedendum

224 4197 289 4239 non
316 4175 453 4239 multum
481 4197 539 4239 nos
568 4175 677 4239 multis
700 4176 864 4242 rhetorum
891 4176 969 4242 locis
993 4199 1032 4243 ex
1054 4175 1213 4240 Aeschine
1242 4176 1347 4241 allatis

224 4282 263 4346 de
290 4282 367 4365 ipsis
395 4282 539 4348 codicum
566 4282 735 4367 generibus
759 4283 891 4361 discere;
918 4284 998 4348 illud
1025 4289 1133 4349 tamon
1156 4285 1348 4349 monendum
