3232 4856
693 247 914 303 ...4ss-

245 442 278 482 se
294 419 459 502 probabile
476 439 543 482 esse
558 418 692 482 oratoris
716 417 815 482 libros
830 423 992 500 praestare
1006 417 1150 494 testibus,
1170 422 1266 480 testes
1283 417 1366 480 enim

244 526 379 590 oratoris
403 525 500 589 verba
523 525 627 588 solum
651 525 788 588 afferunt
812 525 948 608 exempli
971 547 1074 590 causa.
1121 524 1193 588 Hoc
1216 546 1366 589 verumne

244 634 287 696 sit
312 654 411 696 necne
439 631 577 695 elucebit
603 631 741 696 maxime
769 632 807 696 iis
835 632 913 696 locis
937 654 1016 715 quos
1041 637 1094 697 aut
1118 632 1201 695 idem
1232 630 1367 714 scriptor

243 741 293 804 bis
317 746 371 804 aut
395 740 572 823 complures
595 740 722 803 eosdem
746 739 894 815 afferunt,
923 739 1053 822 quibus,
1082 739 1108 802 si
1131 739 1214 803 inter
1237 760 1269 801 se
1294 758 1366 801 con-

244 847 392 923 sentiunt,
415 847 461 910 vis
486 851 517 910 et
540 846 677 930 dignitas
701 847 857 930 quaedam
880 847 1088 924 concedenda,
1113 846 1162 910 sin
1178 846 1367 936 dissentiunt

244 955 346 1018 nulla:
379 958 509 1036 apparet
538 953 620 1016 enim
653 954 680 1016 si
710 954 772 1036 ipsi
804 955 886 1018 inter
919 976 952 1017 se
985 955 1165 1037 discrepant
1193 952 1367 1016 dissensum

245 1083 370 1144 quoque
398 1083 469 1124 eum
498 1061 553 1143 qui
580 1059 619 1123 iis
648 1065 696 1124 est
724 1081 794 1124 cuni
819 1061 975 1126 Aeschine
1003 1083 1067 1124 non
1095 1061 1141 1124 ita
1170 1059 1278 1144 magni
1301 1081 1367 1122 esse

244 1161 436 1246 faciendum,
464 1189 500 1230 eo
528 1167 658 1231 minoris
683 1167 757 1250 quia
785 1167 928 1250 plerique
958 1169 1177 1253 'neglegentiae
1203 1172 1297 1250 atque
1320 1167 1367 1230 in-

245 1275 348 1338 curiae
376 1274 511 1357 speciem
540 1295 615 1356 prae
643 1296 676 1338 se
708 1275 821 1339 ferunt.
869 1274 1053 1339 Gravissimi
1080 1280 1185 1338 autem
1215 1279 1290 1338 sunt
1322 1274 1368 1337 hi:

245 1383 304 1456 λλ
330 1380 501 1472 Aeschines
527 1385 558 1444 et
581 1380 675 1465 Greg.
693 1381 760 1445 Cor.
780 1387 865 1445 1316
890 1382 1009 1446 habent
1033 1379 1130 1466 αὐτῷ,
1156 1382 1249 1466 Greg.
1269 1385 1367 1445 1182:

151 1555 156 1564 ,
246 1486 354 1563 αὐτοῦ,
379 1489 438 1552 lex.
464 1487 610 1552 Cantabr.
636 1485 750 1564 αὐτῶν,
777 1497 804 1553 4.
822 1490 948 1553 Aesch.:
973 1487 1064 1575 παρά
1088 1489 1197 1564 πᾶσιν,
1225 1489 1312 1553 Stob.
1336 1486 1368 1550 ἐν

246 1594 381 1678 ἅπασιν,
411 1594 517 1680 Greg.:
546 1595 654 1659 πᾶσιν.
681 1603 731 1659 25.
756 1595 868 1660 Aesch.
893 1602 924 1660 et
948 1596 1033 1660 Suid.
1058 1593 1173 1672 οὕτως,
1204 1596 1308 1660 Schol.
1336 1597 1368 1658 in

247 1703 389 1768 Aristiu:
419 1700 479 1777 ὅτι,
511 1709 561 1766 41.
590 1701 796 1788 κιθαρῳδοὺς
824 1699 843 1788 ἢ
872 1705 1077 1787 κιθαριστάςε
1110 1703 1224 1768 Aesch.
1254 1705 1369 1767 Athen.

246 1809 438 1894 κιθαριστάς
461 1811 514 1873 καὶ
531 1809 747 1895 κιθαρηνὸοάςε
772 1811 918 1876 Ammon.
936 1818 987 1876 48,
1004 1809 1229 1890 thidericum:
1255 1811 1369 1875 Aesch.

246 1925 277 1982 et
301 1917 431 2002 florileg.
455 1917 539 1983 Leid.
556 1923 588 1982 et
604 1918 691 1982 Mon.
716 1917 882 1997 δέχεσθαιι
907 1918 995 1983 Stob.
1035 1919 1106 1983 Huc
1131 1919 1284 1982 accedunt
1307 1918 1370 1981 loci

247 2026 360 2109 quibus
384 2025 550 2089 Aeschinis
574 2025 669 2088 leobio
693 2027 853 2108 sequenda
877 2026 951 2108 quia
981 2026 1107 2092 testium
1133 2026 1287 2109 scriptura
1315 2048 1371 2109 per

247 2157 279 2196 se
313 2137 457 2217 suspecta
489 2138 550 2209 est,
583 2154 646 2216 quo
676 2154 713 2195 ex
746 2154 876 2196 numero
906 2154 1117 2197 commemoro
1146 2133 1218 2197 hos:
1251 2133 1277 2210 Ι,
1307 2139 1367 2195 172

248 2240 359 2304 Suidss
387 2239 484 2302 habet
506 2236 730 2322 {sptoruydpou
755 2260 814 2321 pro
839 2236 1006 2303 Aeschinis
1035 2237 1257 2324 Ἀριστάρχοο,
1287 2239 1371 2322 quod

247 2347 418 2430 genuinum
451 2369 517 2410 esse
551 2345 757 2410 confirmatur
789 2367 861 2409 cum
895 2345 965 2410 aliis
994 2346 1159 2410 Aeschinis
1191 2346 1269 2410 locis
1302 2350 1369 2409 tum

246 2453 402 2538 imprimis
425 2452 467 2534 ΙΙ,
491 2459 562 2517 148.
595 2474 641 2536 pr.
660 2457 722 2518 180
740 2451 861 2517 Gellius
885 2454 1039 2538 γερόντων
1060 2454 1250 2517 vocabulum
1273 2453 1371 2517 latine

247 2561 342 2625 vertit
365 2559 551 2643 principum.
583 2583 628 2643 pr.
655 2565 718 2624 190
743 2583 824 2624 unus
848 2581 870 2644 g
893 2561 1059 2625 Aeschinis
1084 2562 1183 2624 codex
1207 2565 1238 2624 et
1260 2559 1371 2624 Theon

248 2671 355 2734 rhetor
384 2668 438 2750 qui
467 2667 557 2730 affert
585 2667 682 2730 verba
709 2665 752 2751 μὴ
781 2665 841 2752 γάρ
865 2666 989 2742 οἴεσθε,
1019 2657 1045 2730 ἀ
1069 2663 1178 2750 ἀνδρες
1201 2663 1288 2742 iro„
1313 2665 1371 2741 τάς

249 2776 311 2838 τῶν
340 2773 545 2860 ἀδικημάτων
573 2771 674 2858 ἀρχάς
702 2772 771 2838 ἀπὸ
802 2775 886 2837 θεῶν
914 2772 989 2838 ἀλλ)
1013 2772 1072 2853 οὐχ
1097 2772 1157 2836 ὑπ’)
1186 2772 1372 2859 ἀνθρώπων

249 2881 412 2964 ἀσελγείας
427 2884 594 2963 γίγνεσθαι
609 2902 668 2962 pro
685 2877 890 2965 ἀδικημάτων
905 2880 1025 2944 habent
1041 2878 1263 2965 ἀτυχημάτων,
1288 2881 1372 2964 quod

249 2988 410 3052 nonnullis
422 2987 555 3051 oratoris
567 2986 740 3050 editoribus
756 2987 801 3049 ita
816 2987 1020 3069 praeplacuit‚
1036 2991 1192 3051 utcontra
1207 2989 1372 3070 utriusque

250 3095 440 3160 recensionis
464 3095 684 3159 auctoritatem
708 3094 801 3157 unius
824 3093 962 3167 Theonis
991 3093 1172 3159 testimonio
1201 3095 1262 3158 nisi
1286 3133 1328 3140 —
1351 3116 1373 3178 g

250 3205 333 3267 enim
357 3203 454 3266 codex
478 3207 526 3265 est
550 3201 633 3265 inter
656 3201 825 3265 deteriores
849 3202 997 3265 -inter
1024 3201 1095 3285 ipsa
1118 3203 1253 3266 oratoris
1277 3201 1374 3266 verba

251 3310 432 3393 receperint.
480 3309 593 3393 Neque
622 3331 695 3373 vero
724 3314 809 3373 recte
834 3331 887 3373 eos
916 3309 1027 3373 fecisse
1050 3314 1156 3372 orator
1184 3309 1252 3391 ipse
1275 3310 1373 3384 docet

252 3419 306 3502 qui
333 3441 369 3480 ea
398 3418 467 3500 ipsa
490 3417 527 3480 de
551 3416 666 3500 quibus
695 3417 800 3500 agitur
823 3416 920 3480 verba
947 3416 1057 3499 paullo
1086 3415 1169 3478 infra
1198 3416 1373 3480 accuratius

252 3511 400 3609 explicat;
428 3523 504 3588 dicit
527 3524 610 3586 eninr
635 3529 666 3587 et
689 3545 844 3607 quaenam
867 3524 910 3586 sit
932 3523 989 3585 illa
1013 3519 1199 3607 ἀνθρώπων
1228 3521 1373 3605 ἀσέλγεια

252 3671 294 3679 -
318 3637 392 3694 sunt
415 3630 446 3692 αἱ
472 3642 645 3714 προπετεῖς
668 3630 725 3692 τοῦ
749 3631 895 3710 σιάματο,1
921 3626 1027 3712 ἡδοναὶ
1051 3630 1104 3692 καὶ
1127 3627 1164 3693 τὸ
1187 3628 1284 3714 μηδὲν
1306 3628 1373 3692 ἱκα-

254 3739 304 3802 νὸν
328 3736 477 3823 ἡγεῖσθαι
502 3775 544 3784 -
568 3742 600 3800 et
624 3737 773 3819 quidnam
797 3737 835 3800 iis
860 3735 1028 3799 efficiatur:
1056 3735 1159 3799 ταῦτα
1188 3738 1305 3822 πληροῖ
1333 3735 1372 3800 τά

252 3846 413 3930 λῃστήρια,
438 3842 533 3907 ταῦτ’
557 3843 601 3919 εἰς
624 3841 679 3907 τὸν
702 3841 958 3930 ἐπακτροκέλητα
982 3841 1156 3926 ἐμβιβάζει,
1183 3893 1215 3906 ..
1240 3893 1246 3906 .
1272 3843 1375 3906 ταῦτα

253 3953 505 4038 παρακελεύεται
516 3952 669 4037 σφάττειν
679 3949 754 4026 vote
770 3952 915 4026 πολίτας,
936 3946 1102 4036 ὑπηρετεῖν
1117 3962 1184 4026 τοῖς
1200 3950 1373 4034 τεράννοις,

252 4059 480 4145 σομκαταλάειν
508 4059 563 4123 τὸν
590 4059 703 4145 (λημονε
736 4059 834 4123 habes
863 4056 1047 4144 ἀδικήματα
1076 4081 1139 4121 non
1171 4055 1373 4143 ἀτοχηματα.

253 4169 359 4251 Ipsam
383 4173 488 4230 autem
512 4189 607 4250 quam
631 4173 737 4231 orator
759 4167 811 4230 hic
834 4166 956 4250 profert
980 4165 1167 4229 sententiam
1196 4165 1376 4229 hominibus

254 4275 366 4339 aetatis
398 4274 483 4337 illius
515 4296 580 4337 non
612 4274 709 4337 fuisse
742 4274 878 4336 alienam
911 4274 1024 4336 docent
1052 4271 1148 4335 verba
1180 4294 1260 4355 quae
1293 4272 1376 4335 idem
