3232 4856
703 230 924 288 „51-

249 401 334 482 quod
357 399 503 484 plurimis
527 400 605 465 locis
629 423 695 465 non
717 401 788 486 ipsa
811 403 945 467 oratoris
968 404 1065 468 verba
1091 404 1306 487 proferuntur.
1319 406 1374 468 sed

248 507 405 570 sententia
435 508 657 598 tantummodo
690 508 754 573 loci
785 507 955 588 indicatur,
987 509 1043 582 ubi
1074 532 1148 574 vero
1180 510 1251 595 ipsa
1278 511 1375 574 verba

248 613 429 690 traduntur,
461 613 648 696 plerumque
680 613 757 678 satis
787 620 931 680 accurate
960 619 992 680 et
1019 616 1188 700 diligenter
1205 617 1374 701 *descripta

249 723 330 797 sunt,
353 719 399 786 ita
421 723 458 783 ut
481 725 632 802 appareat
647 742 712 786 non
735 725 802 785 tam
818 723 857 786 ad
873 722 973 786 solam
988 724 1172 788 memoriam
1187 725 1244 788 illa
1263 725 1374 802 redire,
1445 731 1447 734 ’

249 830 285 890 ut
311 826 404 890 multi
436 827 556 911 primae
585 827 738 892 orationis
770 828 833 892 loci
861 833 893 893 et
918 830 1046 917 tertiae,
1079 853 1175 914 quam
1203 831 1243 895 ad
1270 831 1374 914 ipsum

249 933 383 1010 oratoris
405 932 531 998 librum.

309 1126 310 1131 ἵ
338 1041 464 1118 Quare
486 1044 615 1124 peracta
637 1040 700 1104 iam
724 1042 763 1106 ad
784 1063 837 1105 eos
860 1044 1057 1108 transeamus
1080 1043 1169 1109 locos
1192 1046 1374 1111 tractandos

178 1204 179 1207 ,
249 1147 305 1231 qui
320 1147 464 1212 codicum
486 1168 604 1232 genera
620 1147 802 1232 respiciunt,
826 1150 863 1214 de
880 1149 995 1232 quibus
1011 1150 1056 1214 ita
1071 1151 1196 1215 videtur
1216 1153 1374 1236 agendum

250 1276 329 1329 esse,
361 1260 398 1318 ut
426 1255 470 1318 eis
498 1255 553 1338 qui
581 1277 654 1319 cum
682 1256 783 1320 altera
810 1256 967 1320 librorum
995 1257 1246 1322 Aeschineorum
1275 1261 1374 1324 classe

250 1361 450 1426 consentiunt
466 1383 663 1445 opponamus
680 1362 805 1445 eosqui
828 1363 958 1427 alterius
982 1364 1170 1449 scripturam
1187 1371 1375 1454 sequautur:

250 1491 313 1552 qua
335 1491 369 1532 re
396 1469 482 1533 facta
504 1470 669 1553 utriusque
694 1469 804 1533 classis
831 1470 894 1534 loci
917 1471 1000 1535 iuter
1028 1493 1061 1536 se
1085 1473 1207 1550 collati,
1236 1473 1313 1557 quid
1336 1475 1374 1537 de

249 1597 401 1660 generum
424 1577 610 1641 auctoritate
634 1581 729 1660 atque
752 1576 908 1660 dignitate
930 1577 1135 1650 iudicandum
1157 1580 1207 1657 sic,
1230 1579 1292 1663 ipsi
1315 1593 1373 1646 nos

251 1683 415 1748 docebunt.
455 1682 650 1748 Omittentur
665 1705 740 1748 vero
764 1705 873 1748 omnes
894 1684 919 1747 ii
941 1685 1004 1748 loci
1027 1685 1082 1769 qui
1098 1687 1176 1770 quin
1200 1687 1375 1752 scribarum

250 1789 348 1853 errori
379 1790 430 1854 vel
462 1789 683 1874 neglegentiae
716 1790 776 1854 soli
809 1790 982 1856 debeantur
1014 1793 1126 1875 nequit
1154 1793 1307 1872 dubitari,
1340 1799 1376 1858 ut

249 1896 305 1974 111,
323 1903 362 1960 52
389 1893 494 1960 αὐτῶν
516 1897 550 1961 in
572 1898 603 1961 Α
626 1897 779 1962 traditum
802 1919 859 1981 pro
884 1896 970 1982 edepl
994 1920 1076 1982 quae
1099 1900 1202 1964 forma
1225 1923 1289 1965 una
1305 1923 1375 1964 sen-

250 2004 300 2067 sui
322 2009 396 2086 apta
420 2008 523 2068 exstat
544 2005 577 2067 in
600 2004 628 2070 B
652 2009 684 2068 et
707 2003 822 2069 Suidae
845 2005 956 2083 lexico,
979 2028 1026 2089 pr.
1052 2012 1114 2069 240
1142 2011 1273 2092 θηβαῖοι
1296 2007 1375 2074 inA

252 2111 404 2195 scriptum
435 2116 566 2195 propter
594 2111 782 2176 antecedens
815 2113 899 2190 ξένοι
930 2134 988 2196 pro
1016 2123 1084 2188 τοῖς
1114 2117 1261 2199 Θηβαίοις
1290 2115 1376 2197 quod

250 2222 335 2281 recte
361 2217 514 2281 traditum
541 2218 684 2282 videmus
712 2217 745 2280 in
773 2217 800 2280 B
829 2222 860 2282 et
884 2217 969 2282 Suid.
999 2219 1062 2282 alia
1088 2220 1198 2285 multa.
1244 2220 1376 2285 Initium

253 2329 357 2388 autem
380 2324 533 2388 faciamus
557 2348 575 2388 a

660 2815 963 2897 ctesiphonten.

342 2965 450 3049 Atque
473 2966 611 3050 primum
635 2967 762 3050 quidem
786 2966 1028 3050 Ctesiphonteae
1057 2967 1263 3032 tractabimus
1290 2968 1377 3032 locos

254 3094 272 3134 a
294 3071 527 3156 lexicographis
551 3072 675 3151 allatos,
701 3073 757 3156 qui
780 3073 819 3136 ab
844 3073 944 3137 altera
967 3074 1110 3137 codicum
1126 3073 1377 3138 Aeschineorum

254 3179 353 3243 classe
376 3180 574 3243 dissentiunt.
1268 3185 1274 3197 ’

342 3309 389 3369 pr.
407 3293 447 3349 25
465 3285 494 3349 A
512 3286 610 3349 altero
634 3285 704 3349 loco
728 3308 787 3369 pro
811 3283 1031 3372 ἀντιγραφέως
1053 3287 1156 3350 forma
1173 3308 1254 3369 quae
1275 3292 1378 3352 exstat

253 3391 287 3455 in
313 3393 340 3456 B
370 3397 401 3456 et
428 3393 557 3460 scholiis
585 3394 624 3456 ad
651 3393 681 3456 h.
709 3394 730 3458 l.
759 3393 827 3477 (cfr.
856 3392 968 3478 Harp.)
1001 3394 1097 3457 habet
1129 3398 1291 3479 γραφέως;
1323 3395 1378 3458 sed

255 3521 326 3562 cum
353 3500 458 3582 ipsum
484 3499 546 3562 hoc
573 3495 792 3584 ἀντιγραφέως
820 3521 949 3577 munus,
978 3500 1015 3563 de
1044 3522 1107 3583 quo
1138 3501 1199 3563 hoc
1227 3501 1378 3564 orationis

253 3606 325 3670 loco
350 3607 468 3691 agitur,
495 3607 675 3690 paullulum
698 3609 792 3670 antea
814 3606 856 3669 sit
877 3606 1089 3685 nominatum,
1114 3607 1378 3671 verisimillimum

255 3717 302 3777 est
324 3713 447 3777 variam
469 3713 551 3777 hanc
573 3713 720 3777 vocabuli
746 3713 883 3777 formam
906 3713 968 3777 soli
995 3713 1118 3778 librarii
1141 3715 1240 3777 errori
1263 3715 1378 3780 deberi.

344 3842 390 3903 pr.
415 3826 478 3884 240
503 3821 654 3905 scriptum
670 3820 826 3884 videmus:
850 3817 887 3882 od
911 3817 957 3883 δι’
982 3818 1104 3883 ἔνδειαν
1126 3820 1184 3901 μέν
1208 3821 1379 3906 χρημάτων

255 3924 344 3991 ἕνεκα
372 3931 467 3990 πέντε
491 3927 656 3990 ταλάντων
678 3949 761 4010 sqq.‚
789 3948 871 4010 quae
894 3927 991 3990 verba
1018 3927 1063 3990 sic
1091 3931 1217 3991 exstant
1239 3927 1273 3990 in
1296 3927 1323 3991 B
1347 3932 1380 3991 et

257 4035 379 4098 omissis
402 4033 565 4099 vocabulis
593 4031 682 4096 ἕνεκα
710 4038 806 4097 πέντε
836 4034 905 4097 ταλ.
935 4035 1019 4117 apud
1043 4033 1127 4098 Suid.
1156 4034 1190 4097 in
1219 4034 1379 4098 codicibus

256 4140 359 4219 ABV,
392 4162 463 4204 cum
496 4141 591 4205 ceteri
623 4140 761 4205 habeant
792 4140 851 4222 μὲν
883 4130 938 4204 οὖν
968 4163 1027 4224 pro
1058 4145 1125 4222 μέν.
1173 4140 1292 4205 Contra
1317 4141 1379 4204 eh

257 4248 424 4313 Aeschinis
448 4247 571 4313 codices
594 4251 652 4329 μέν
675 4248 837 4326 omittunt,
860 4248 883 4311 k
906 4248 918 4311 l
941 4237 1012 4332 post
1035 4244 1124 4311 ἕνεκα
1151 4250 1287 4331 ponunt:
1316 4269 1379 4331 quo

1127 4353 1165 4406 4*
