3232 4856
684 237 905 296 ..60-

232 413 302 474 tota
330 413 362 473 et
390 408 519 474 alterius
546 431 628 474 unus
657 409 754 474 codex
783 430 855 474 cnm
881 408 1009 472 rhetore
1037 413 1093 473 aut
1120 407 1276 472 consentit
1302 413 1360 472 aut

234 515 377 581 dissidet:

321 645 369 706 pr.
398 628 461 687 173
491 622 541 687 Bk
571 621 705 707 Sopater
733 624 778 708 (et
800 621 974 707 Diodorus)
1001 621 1121 699 hebent
1151 621 1276 708 τρόπου
1299 642 1361 684 πο-

234 729 336 815 νηροῦ,
366 730 419 796 elh
447 735 478 794 et
507 729 657 814 Syrianus
686 732 731 816 (et
757 728 917 816 Apostol.)
946 728 1088 815 πονηροῦ
1115 728 1253 816 τρόπουι
1286 733 1360 793 utra

233 835 328 901 lectio
355 858 431 900 vera
457 835 499 900 sit
527 857 566 899 ex
593 858 627 900 re
655 835 789 901 discerni
817 835 942 920 nequit,
971 839 1080 900 tamen
1107 834 1182 920 quia
1209 835 1232 898 k
1260 835 1359 899 codex

234 965 305 1008 cum
331 942 360 1007 B
392 963 508 1028 genere
540 941 695 1007 consentit
726 922 915 1006 credendum
947 941 982 1005 in
1013 940 1185 1026 archetypo
1215 940 1360 1006 codicum

233 1053 415 1114 nostrorum
442 1049 540 1114 fuisse
568 1047 870 1134 rpdrrovcrovqpod.
914 1045 1028 1133 Neque
1057 1051 1106 1112 est
1135 1069 1191 1112 cur
1218 1047 1359 1134 πονηροῦ

234 1155 425 1221 vocabulum
451 1156 536 1240 quod
565 1159 717 1240 quattuor
748 1158 859 1220 testes'
874 1177 1045 1240 omnesque
1073 1155 1208 1221 oratoris
1237 1154 1361 1221 codices

234 1267 363 1328 tuentur
387 1263 470 1347 (curn
493 1262 678 1347 Weidnero)
703 1264 875 1329 deleamus:
897 1285 1035 1347 namque
1051 1260 1227 1328 Aeschines
1249 1262 1306 1326 ubi
1321 1263 1362 1326 de

234 1370 449 1435 Demosthene
458 1369 556 1434 verba
569 1368 647 1434 facit
661 1367 811 1434 libentius
827 1369 928 1434 utitur
943 1369 1096 1434 eiusmodi
1112 1368 1244 1435 vocibus
1261 1391 1361 1453 quam

234 1481 271 1541 ut
301 1477 361 1540 hoc
393 1475 485 1542 illum
516 1477 586 1540 loco
614 1475 671 1541 ubi
698 1476 818 1560 optime
846 1477 1004 1560 adponere
1035 1465 1141 1561 potuit
1169 1475 1361 1540 abstinuisse

235 1583 385 1649 credibile
409 1585 459 1650 sit.
505 1582 640 1648 Accedit
663 1585 748 1667 quod
771 1583 927 1649 sententia
949 1583 1019 1666 ipsa
1041 1605 1122 1667 quae
1150 1583 1233 1647 inest
1254 1582 1360 1646 verbis

235 1687 337 1767 οὐδεὶς
352 1690 415 1777 γὰρ
429 1690 566 1754 πώποτε
582 1690 724 1766 πλοῦτος
739 1689 863 1776 τρόπου
878 1727 923 1738 -
938 1689 1081 1776 πονηροῦ
1091 1727 1134 1738 —-
1150 1693 1360 1776 περιεγένετο,

235 1797 423 1862 attributum
448 1798 572 1883 τρόπου
587 1797 658 1862 voci
681 1797 860 1880 adpositum
884 1796 949 1861 sive
972 1796 1114 1882 πονηροῦ
1130 1796 1196 1872 sive
1211 1795 1359 1860 τοιούτου

235 1905 300 1969 sive
329 1904 431 1968 simile
459 1904 590 1988 aliquod
617 1904 742 1969 videbun
769 1926 952 1988 exposcere,
981 1925 1045 1987 quo
1073 1904 1191 1968 omisso
1219 1903 1289 1988 ipsa
1312 1903 1362 1967 vis

236 2010 421 2090 sententiae,
450 2011 525 2095 quia
552 2033 617 2074 non
643 2011 708 2076 iarn
730 2011 979 2076 Demosthenem
1004 2010 1134 2095 respicit
1157 2011 1211 2075 sed
1233 2011 1267 2074 in
1289 2009 1359 2074 nni·

234 2139 360 2183 versum
389 2119 473 2183 dicta
506 2122 567 2196 est,
598 2137 793 2202 magnopere
824 2117 1030 2182 imminuitur.
1076 2117 1173 2202 Apud
1204 2116 1362 2182 Joannem

235 2225 334 2308 igitur
361 2225 520 2301 Damaso,
552 2224 607 2307 qui
634 2224 775 2310 πονηροῦ
803 2245 913 2289 vocem
940 2246 1004 2289 non
1032 2225 1143 2304 habet,
1175 2246 1281 2290 errore
1309 2224 1362 2288 vel

237 2353 310 2395 casu
334 2329 458 2395 videtur
480 2329 686 2394 intercidisse.

325 2460 371 2521 pr.
403 2442 464 2502 198
498 2437 532 2501 in
560 2439 589 2502 A
622 2438 773 2503 traditum
807 2443 855 2502 est
888 2437 984 2520 νόμον
1017 2435 1107 2512 αἰτεῖ,
1142 2435 1235 2525 ὅρκον
1268 2435 1359 2512 αἰτεῖ,

236 2545 450 2633 δημοκρατίαν
478 2544 573 2622 αἰτεῖ,
604 2552 714 2613 contra
737 2547 770 2611 in
793 2547 820 2612 B
843 2547 941 2611 verba
964 2543 1057 2631 ὅρκον
1084 2545 1168 2610 αἰτεῖ
1188 2546 1317 2624 omissa,
1340 2569 1361 2610 a

235 2652 415 2718 rhetoribus
437 2654 621 2718 Alexandro
644 2654 704 2732 bis,
726 2653 865 2732 Tiberio,
888 2654 1018 2733 Phoeb,
1041 2653 1125 2720 Max.
1140 2653 1231 2720 Plan.
1254 2654 1361 2737 priore

237 2761 307 2826 loco
330 2761 435 2844 posite
458 2766 539 2826 sunt.
579 2761 792 2846 quaerendum
808 2766 881 2826 utra
904 2783 978 2846 pars
994 2762 1162 2846 sequenda
1185 2762 1215 2825 A
1231 2785 1271 2826 an
1286 2760 1359 2826 rhe-

237 2873 335 2946 tores,
363 2891 437 2932 nam
464 2868 498 2931 in
526 2868 553 2932 B
581 2889 695 2953 genere
725 2869 803 2952 quin
829 2869 899 2934 solo
927 2869 1092 2932 oculorum
1120 2868 1241 2932 scribae
1267 2869 1361 2951 lapsu

236 2974 333 3038 verba
355 2974 412 3038 illa
434 2974 652 3040 interciderint
675 2974 814 3040 dubitari
836 2975 955 3059 nequit.
993 2973 1102 3059 Atque
1117 2975 1216 3040 mirus
1232 2974 1360 3059 quidem

236 3083 298 3147 hoc
325 3083 395 3146 loco
411 3081 586 3152 ,rhetorum
609 3104 779 3148 consensus
803 3104 867 3167 quo
891 3082 962 3166 quis
990 3082 1090 3147 fretus
1118 3083 1212 3147 facile
1236 3083 1361 3147 credere

237 3189 339 3272 possit
362 3189 464 3253 redire
487 3189 526 3253 ad
551 3188 673 3255 codices
697 3213 715 3254 a
738 3190 854 3255 nostris
877 3190 1103 3255 dissentientes.
1151 3189 1213 3256 Sed
1237 3190 1298 3254 hoc
1321 3211 1362 3254 ne

237 3296 399 3362 credamus
428 3319 465 3360 ea
492 3297 698 3381 prohibemur
726 3319 760 3361 re
784 3297 868 3382 quod
895 3318 961 3361 non
988 3297 1169 3382 ignoramus
1194 3301 1226 3361 et
1252 3297 1361 3382 negle-

237 3404 420 3488 gentissime
443 3427 462 3468 e
484 3404 664 3470 rhetoribus
687 3406 821 3471 oratoris
843 3405 941 3470 verba
964 3426 1031 3469 esse
1053 3405 1171 3470 tradita
1194 3409 1226 3469 et
1253 3405 1361 3469 locum

237 3511 321 3576 hunc
345 3511 585 3580 celeberrimum
608 3512 705 3576 fuisse
722 3513 901 3596 exemplum
917 3513 1138 3590 conversionis,
1160 3513 1206 3577 ita
1228 3517 1266 3577 ut
1280 3512 1360 3577 veri·

237 3619 339 3683 simile
362 3619 404 3683 sit
426 3618 568 3683 rhetores
592 3641 663 3683 eum
686 3625 839 3685 nontam
863 3641 901 3682 ex
925 3619 1031 3684 codice
1048 3619 1248 3703 descripsisse
1265 3641 1361 3703 quam

237 3726 364 3809 qualem
386 3725 448 3808 ipsi
471 3747 509 3790 ex
533 3726 650 3790 scholis
673 3726 889 3791 meminissent
912 3726 958 3790 ita
979 3726 1153 3804 tradidisse,
1177 3748 1275 3810 quare
1298 3725 1361 3791 hoc

238 3853 364 3916 quoque
386 3831 459 3896 loco
484 3831 625 3897 ordinem
650 3833 816 3897 verborum
840 3853 1007 3917 sequemur
1030 3855 1102 3898 eum
1125 3833 1179 3916 qui
1203 3833 1307 3898 estin
1329 3832 1361 3897 A

237 3959 351 4023 genere
374 3939 516 4004 traditus.

325 4069 372 4131 pr.
399 4053 438 4111 75
463 4046 497 4110 in
520 4045 595 4112 solis
618 4047 662 4111 lk
683 4047 843 4112 codicibus
867 4047 1004 4132 genuina
1028 4047 1121 4112 lectio
1145 4043 1243 4132 ἡτῶν
1265 4045 1361 4133 δημο·

236 4157 312 4216 σίων
343 4153 541 4238 γραμμάτων
573 4152 700 4238 φυλακή
733 4157 856 4218 servata
894 4157 955 4232 est,
988 4175 1060 4218 cum
1091 4153 1160 4231 Be,
1192 4151 1361 4234 Aristides,

236 4259 418 4323 Alexander
445 4259 582 4324 habeant
610 4260 823 4346 πραγμάτωντ
855 4265 961 4346 potest
994 4283 1068 4325 sane
1099 4260 1193 4324 facile
1225 4261 1361 4325 alterum
