3232 4856
683 240 906 296 ..55..-

230 412 365 498 polatic,
409 411 475 478 Ubi
498 432 571 475 vero
596 411 626 476 A
651 411 758 476 classis
786 411 915 475 lectioni
939 410 1047 475 obstat
1074 409 1207 493 aliquid,
1235 408 1281 472 ibi
1303 409 1357 473 de·
1454 485 1456 490 Ι

233 520 371 584 mumB
400 519 526 603 generis
549 519 646 582 verba
672 517 867 600 inspicienda
889 517 1121 600 videndumque
1149 520 1255 580 utrum
1283 537 1357 580 vcra
1420 587 1422 594 Ι

230 627 297 690 sint
321 625 454 690 oratoris
478 648 519 689 an
541 626 609 690 sola
632 625 833 709 grammatici
856 625 916 688 riri
940 623 1119 688 coniectura
1143 628 1226 688 nata.

776 1088 827 1152 ΙΙ.

582 1221 643 1289 De
671 1219 777 1288 falsa
803 1220 1020 1301 legatione.

328 1371 467 1436 Alterius
484 1372 612 1456 quidem
628 1353 892 1435 orationisverba
907 1371 941 1434 in
964 1370 1073 1434 lexicis
1090 1371 1188 1434 afleta
1204 1370 1243 1432 ab
1261 1371 1361 1433 altera

234 1480 381 1544 ecdicum
403 1478 655 1544 Aeschineorum
679 1478 777 1541 classe
802 1478 989 1543 dissentiunt
1011 1478 1061 1542 his
1084 1477 1176 1542 locis:
1404 1465 1408 1475 '

327 1608 373 1668 pr.
399 1591 472 1652 126.
494 1585 528 1648 in
552 1584 582 1649 A
606 1590 637 1648 et
661 1584 772 1648 Thom.
802 1584 886 1669 Mag.
900 1585 1014 1652 lexico
1044 1585 1196 1667 scriptum
1220 1584 1361 1648 videmus

236 1697 396 1777 παρέσται
420 1690 454 1755 δὲ
470 1687 487 1755 ὁ
503 1689 617 1776 δήμιος
633 1691 668 1775 (k
683 1691 695 1754 l
712 1713 726 1754 s
743 1695 774 1754 et
790 1690 901 1754 Thom.
919 1712 1025 1754 errore
1047 1690 1166 1754 habent
1190 1690 1363 1776 δημόσιος),

238 1800 368 1865 cumin
394 1799 419 1862 B
443 1801 517 1882 post
540 1796 576 1861 δέ
597 1798 703 1862 addita
727 1798 769 1862 sit
791 1820 854 1862 vox
877 1793 945 1882 ήδη,
970 1819 1072 1880 neque
1096 1799 1363 1882 negandumseu-

236 1907 371 1972 tentiam
404 1905 562 1990 particula
591 1928 627 1968 ea
656 1905 778 1968 adiecta
810 1905 890 1968 bene
919 1925 986 1968 sese
1018 1904 1149 1983 habere,
1181 1926 1364 1988 quanquam

236 2036 314 2078 sane
337 2013 425 2077 nullo
450 2012 624 2076 sententiae
649 2012 837 2076 detrimento
860 2014 966 2094 potest
991 2011 1085 2075 etiarn
1111 2011 1226 2088 deesse,
1260 2033 1366 2094 quare,

239 2120 424 2203 praesertim
439 2140 513 2182 cum
529 2122 559 2182 et
582 2119 742 2203 particula
753 2118 823 2201 ipsa
845 2118 996 2182 facillime
1013 2139 1089 2181 casu
1111 2117 1252 2200 potuerit
1267 2117 1364 2181 inter·

239 2226 344 2290 cidere
368 2231 398 2289 et
421 2226 666 2310 lexicographus
690 2227 832 2290 codicum
855 2229 1038 2289 nostrorum
1065 2225 1131 2288 fere
1160 2225 1201 2288 sit
1225 2224 1365 2308 aequalis

242 2333 348 2408 aetati,
372 2337 491 2396 certum
516 2333 553 2394 de
577 2332 731 2395 hocloco
756 2331 860 2395 deficit
882 2331 1041 2395 iudicium.

332 2463 379 2524 pr.
404 2446 443 2504 57
469 2439 496 2503 B
521 2445 552 2504 et
576 2439 687 2504 Thcm.
713 2440 796 2525 Mag.
825 2440 943 2514 habent
971 2438 999 2502 εἰ
1024 2489 1030 2502 .
1057 2489 1063 2502 .
1091 2489 1097 2502 .
1123 2439 1243 2525 ὃοκοίη,
1269 2437 1367 2504 Aitel

240 2546 342 2622 derel,
371 2547 467 2624 false,
494 2551 624 2611 namet
652 2569 761 2610 sensus
786 2546 848 2610 loci
872 2551 905 2610 et
927 2547 1081 2610 sermonis
1106 2545 1300 2610 concinnitas
1324 2584 1368 2592 —

242 2653 400 2718 antecedit
425 2654 508 2717 enim
530 2652 559 2717 εἰ
581 2653 646 2716 δέοι
671 2691 712 2702 -
738 2637 912 2736 exposcunt
934 2651 1051 2738 δοκοίη.

334 2783 381 2844 pr.
407 2767 447 2825 70
472 2766 526 2824 καί
552 2766 625 2845 post
653 2761 941 2846 παρρησιάσασθαι
970 2764 1073 2825 exstat
1100 2759 1133 2822 in
1157 2758 1184 2822 B
1208 2764 1240 2822 et
1263 2759 1368 2836 suida,

214 2889 215 2894 ¹
241 2869 330 2931 deest
353 2869 386 2931 in
409 2869 448 2932 A.
494 2891 539 2951 pr.
567 2874 628 2932 156
653 2867 680 2930 Β
705 2872 736 2931 et
759 2867 857 2950 Harp.
885 2867 1015 2931 tradunt
1044 2864 1268 2947 αἰχμαλώτους
1292 2915 1299 2930 .
1326 2916 1332 2929 .
1360 2916 1366 2930 .

242 2970 419 3058 ἐξῃτήσατο
442 2971 533 3058 παρὰ
558 2972 615 3036 τοῦ
634 2975 811 3049 Φιλίππου,
837 2973 953 3038 cumA
977 2973 1092 3036 habeat
1115 2994 1173 3057 pro
1194 2969 1368 3057 ἐξῃτήσατο

244 3080 377 3144 verbum
400 3080 535 3162 simplex
560 3077 697 3163 ᾐτήσατο
722 3081 768 3164 (in
783 3081 795 3144 l
812 3082 918 3144 codice
935 3085 1121 3164 corruptum
1136 3081 1170 3144 in
1185 3077 1368 3164 ήτιοίσατο);

243 3186 323 3250 illud
346 3191 453 3250 autem
476 3186 550 3249 huic
574 3208 640 3249 esse
663 3188 903 3269 praeferendum
926 3189 1015 3252 locus
1039 3188 1107 3270 ipse
1131 3187 1229 3251 docet.

334 3293 401 3358 Alii
422 3293 485 3357 loci
509 3315 573 3362 nou
596 3297 721 3357 exstant
744 3295 805 3358 nisi
829 3295 857 3358 ei
881 3295 996 3378 quibus
1021 3295 1195 3358 lexicorum
1217 3294 1314 3357 verba
1338 3299 1369 3357 et

242 3422 316 3463 cum
343 3404 413 3465 tota
442 3401 542 3464 altera
565 3400 709 3464 codicum
733 3401 832 3464 classe
857 3407 984 3466 etcum
1014 3424 1077 3465 uno
1106 3402 1235 3466 alterius
1265 3400 1370 3465 codice

245 3508 454 3585 consentiunt,
477 3509 566 3572 velut
588 3530 634 3591 pr.
661 3515 699 3571 27
728 3507 766 3571 Bl
787 3512 818 3571 et
839 3507 990 3591 Harpocr.
1017 3510 1061 3593 (et
1078 3509 1232 3573 Aristides
1248 3509 1369 3592 rhetor)

244 3612 364 3676 habent
382 3617 513 3698 Θέρμαν,
539 3636 619 3698 quae
642 3614 746 3678 forma
763 3614 1003 3678 commendatur
1019 3615 1198 3698 insequenti
1214 3616 1369 3679 vocabulo

246 3723 407 3803 Στρέψαν,
438 3721 531 3784 elci:
562 3725 695 3806 θέρμην,
725 3743 771 3804 pr.
801 3728 841 3783 47
872 3720 937 3783 Bk
967 3726 998 3785 et
1022 3720 1134 3786 Thom.
1157 3721 1243 3804 Mag.
1267 3719 1371 3785 e'rctde-

245 3824 406 3910 ξιότητος,
441 3827 498 3891 el:
532 3827 725 3912 δεξιότητος,
757 3831 834 3890 140:
868 3827 932 3890 Bk
961 3832 992 3891 et
1020 3826 1118 3891 Bekk.
1147 3828 1207 3892 lex.
1237 3828 1371 3912 (Phot.);

247 3933 453 4018 κατηλόησαν,
479 3933 535 3998 el:
564 3933 736 4018 κατηλθον,
762 3934 848 4017 quod
870 3934 952 3996 redit
980 3934 1114 3997 fortasse
1137 3935 1179 3998 ad
1206 3934 1372 3998 librarium

246 4039 299 4103 cui
322 4040 454 4104 verbum
477 4040 558 4104 illud
583 4045 649 4104 erat
671 4040 827 4124 ignotum,
853 4046 914 4103 145
932 4040 997 4103 Bk
1015 4040 1173 4124 etHarp.:
1197 4041 1370 4126 προβολάς,

244 4147 304 4210 el:
328 4147 520 4232 προσβολάς,
547 4170 627 4231 quae
650 4148 756 4211 omnia
778 4147 858 4211 nihil
882 4170 940 4212 nos
965 4149 1086 4227 docent,
1109 4170 1183 4210 nam
1206 4148 1239 4210 in
1263 4149 1372 4211 arche-

244 4257 324 4336 typo
359 4254 522 4337 utriusque
551 4253 659 4317 classis
692 4253 774 4318 idem
807 4255 903 4318 fuisse
930 4255 1015 4336 quod
1046 4258 1093 4317 est
1120 4254 1154 4316 in
1186 4254 1294 4318 lexicis
1322 4255 1373 4317 vel

304 4367 455 4416 Quaestiones
469 4369 612 4411 Aeschineae
627 4370 729 4411 criticae.
1142 4359 1159 4412 5
