<?xml version="1.0" encoding="UTF-8"?>
<!DOCTYPE html PUBLIC "-//W3C//DTD XHTML 1.0 Transitional//EN"
    "http://www.w3.org/TR/xhtml1/DTD/xhtml1-transitional.dtd">
<html xmlns="http://www.w3.org/1999/xhtml" xml:lang="en" lang="en">
 <head>
  <title>
</title>
<meta http-equiv="Content-Type" content="text/html;charset=utf-8" />
  <meta name='ocr-system' content='tesseract 3.04.00' />
  <meta name='ocr-capabilities' content='ocr_page ocr_carea ocr_par ocr_line ocrx_word'/>
</head>
<body>
  <div class='ocr_page' id='page_1' title='image "./quaestionesaesc00klingoog_0056.png"; bbox 0 0 3232 4856; ppageno 0'>
   <div class='ocr_carea' id='block_1_1' title="bbox 675 265 897 322">
    <p class='ocr_par' dir='ltr' id='par_1_1' title="bbox 675 265 897 322">
     <span class='ocr_line' id='line_1_1' title="bbox 675 265 897 322; baseline -0.014 -14"><span class='ocrx_word' id='word_1_1' title='bbox 675 265 897 322; x_wconf 75' lang='grc'>...49-</span> 
     </span>
    </p>
   </div>
   <div class='ocr_carea' id='block_1_2' title="bbox 221 433 1366 3944">
    <p class='ocr_par' dir='ltr' id='par_1_2' title="bbox 221 433 1363 2983">
     <span class='ocr_line' id='line_1_2' title="bbox 221 433 1349 524; baseline -0.007 -18"><span class='ocrx_word' id='word_1_2' title='bbox 221 445 375 524; x_wconf 88' lang='lat' dir='ltr'>poterant</span> <span class='ocrx_word' id='word_1_3' title='bbox 396 437 592 504; x_wconf 79' lang='lat' dir='ltr'>intercidere.</span> <span class='ocrx_word' id='word_1_4' title='bbox 637 437 761 502; x_wconf 87' lang='lat' dir='ltr'>Rhetor</span> <span class='ocrx_word' id='word_1_5' title='bbox 784 439 890 502; x_wconf 87' lang='lat' dir='ltr'>autem</span> <span class='ocrx_word' id='word_1_6' title='bbox 914 458 986 502; x_wconf 90' lang='lat' dir='ltr'>cum</span> <span class='ocrx_word' id='word_1_7' title='bbox 1009 435 1140 500; x_wconf 88' lang='lat' dir='ltr'>vidisset</span> <span class='ocrx_word' id='word_1_8' title='bbox 1158 433 1349 499; x_wconf 89' lang='lat' dir='ltr'>vocabulum</span> 
     </span>
     <span class='ocr_line' id='line_1_3' title="bbox 221 541 1350 632; baseline -0.007 -20"><span class='ocrx_word' id='word_1_9' title='bbox 221 548 311 632; x_wconf 87' lang='lat' dir='ltr'>quod</span> <span class='ocrx_word' id='word_1_10' title='bbox 339 547 446 630; x_wconf 78' lang='grc' dir='ltr'><em>λόγους</em></span> <span class='ocrx_word' id='word_1_11' title='bbox 469 547 540 611; x_wconf 89' lang='lat' dir='ltr'>voci</span> <span class='ocrx_word' id='word_1_12' title='bbox 568 550 650 610; x_wconf 89' lang='lat' dir='ltr'>esset</span> <span class='ocrx_word' id='word_1_13' title='bbox 673 544 854 630; x_wconf 90' lang='lat' dir='ltr'>oppositum</span> <span class='ocrx_word' id='word_1_14' title='bbox 877 544 996 622; x_wconf 83' lang='lat' dir='ltr'>deesse,</span> <span class='ocrx_word' id='word_1_15' title='bbox 1024 541 1157 606; x_wconf 91' lang='lat' dir='ltr'>inseruit</span> <span class='ocrx_word' id='word_1_16' title='bbox 1179 543 1266 626; x_wconf 92' lang='lat' dir='ltr'>quod</span> <span class='ocrx_word' id='word_1_17' title='bbox 1287 541 1350 626; x_wconf 86' lang='lat' dir='ltr'>ipsi</span> 
     </span>
     <span class='ocr_line' id='line_1_4' title="bbox 222 649 1350 737; baseline -0.005 -18"><span class='ocrx_word' id='word_1_18' title='bbox 222 659 293 719; x_wconf 87' lang='lat' dir='ltr'>erat</span> <span class='ocrx_word' id='word_1_19' title='bbox 325 654 485 719; x_wconf 86' lang='lat' dir='ltr'>usitatum.</span> <span class='ocrx_word' id='word_1_20' title='bbox 540 653 652 737; x_wconf 88' lang='lat' dir='ltr'>ltaque</span> <span class='ocrx_word' id='word_1_21' title='bbox 689 653 751 717; x_wconf 88' lang='lat' dir='ltr'>hoc</span> <span class='ocrx_word' id='word_1_22' title='bbox 783 673 909 735; x_wconf 89' lang='lat' dir='ltr'>quoque</span> <span class='ocrx_word' id='word_1_23' title='bbox 948 652 1018 715; x_wconf 94' lang='lat' dir='ltr'>loco</span> <span class='ocrx_word' id='word_1_24' title='bbox 1051 649 1185 715; x_wconf 89' lang='lat' dir='ltr'>oratoris</span> <span class='ocrx_word' id='word_1_25' title='bbox 1217 649 1350 726; x_wconf 88' lang='lat' dir='ltr'>codices,</span> 
     </span>
     <span class='ocr_line' id='line_1_5' title="bbox 222 757 1348 847; baseline -0.004 -21"><span class='ocrx_word' id='word_1_26' title='bbox 222 784 420 847; x_wconf 84' lang='lat' dir='ltr'>quamquam</span> <span class='ocrx_word' id='word_1_27' title='bbox 443 761 628 838; x_wconf 88' lang='lat' dir='ltr'>deteriores,</span> <span class='ocrx_word' id='word_1_28' title='bbox 651 759 816 843; x_wconf 87' lang='lat' dir='ltr'>sequendi,</span> <span class='ocrx_word' id='word_1_29' title='bbox 843 757 993 824; x_wconf 83' lang='lat' dir='ltr'>reiciendi</span> <span class='ocrx_word' id='word_1_30' title='bbox 1015 762 1123 827; x_wconf 85' lang='lat' dir='ltr'>testes.</span> <span class='ocrx_word' id='word_1_31' title='bbox 1146 794 1191 806; x_wconf 89' lang='lat'>-</span> <span class='ocrx_word' id='word_1_32' title='bbox 1213 779 1260 842; x_wconf 92' lang='lat' dir='ltr'>pr.</span> <span class='ocrx_word' id='word_1_33' title='bbox 1285 763 1348 822; x_wconf 75' lang='lat'>257</span> 
     </span>
     <span class='ocr_line' id='line_1_6' title="bbox 224 863 1351 952; baseline -0.005 -19"><span class='ocrx_word' id='word_1_34' title='bbox 224 869 408 934; x_wconf 82' lang='lat' dir='ltr'>Alexander</span> <span class='ocrx_word' id='word_1_35' title='bbox 435 891 494 952; x_wconf 92' lang='lat' dir='ltr'>pro</span> <span class='ocrx_word' id='word_1_36' title='bbox 518 867 686 932; x_wconf 84' lang='lat' dir='ltr'>Aeschinis</span> <span class='ocrx_word' id='word_1_37' title='bbox 715 863 792 930; x_wconf 73' lang='lat' dir='ltr'>dccv</span> <span class='ocrx_word' id='word_1_38' title='bbox 819 864 883 929; x_wconf 79' lang='grc' dir='ltr'>δέ.</span> <span class='ocrx_word' id='word_1_39' title='bbox 910 915 917 929; x_wconf 90' lang='grc'><strong>.</strong></span> <span class='ocrx_word' id='word_1_40' title='bbox 944 913 951 927; x_wconf 93' lang='grc'><strong>.</strong></span> <span class='ocrx_word' id='word_1_41' title='bbox 976 863 1262 951; x_wconf 76' lang='grc' dir='ltr'><em>συνηγόρουςτοὺς</em></span> <span class='ocrx_word' id='word_1_42' title='bbox 1286 887 1351 928; x_wconf 84' lang='grc' dir='ltr'>κοι·</span> 
     </span>
     <span class='ocr_line' id='line_1_7' title="bbox 226 970 1351 1061; baseline -0.004 -22"><span class='ocrx_word' id='word_1_43' title='bbox 226 977 344 1052; x_wconf 75' lang='grc' dir='ltr'><em>υιονοσς</em></span> <span class='ocrx_word' id='word_1_44' title='bbox 368 1024 427 1039; x_wconf 90' lang='grc'>...</span> <span class='ocrx_word' id='word_1_45' title='bbox 452 973 627 1061; x_wconf 76' lang='grc' dir='ltr'><strong><em>παρακαλῇ</em></strong></span> <span class='ocrx_word' id='word_1_46' title='bbox 650 973 748 1038; x_wconf 90' lang='lat' dir='ltr'>tradit</span> <span class='ocrx_word' id='word_1_47' title='bbox 772 970 848 1037; x_wconf 80' lang='grc' dir='ltr'><strong><em>ὅταν</em></strong></span> <span class='ocrx_word' id='word_1_48' title='bbox 872 1021 931 1036; x_wconf 90' lang='grc'>...</span> <span class='ocrx_word' id='word_1_49' title='bbox 956 971 1031 1047; x_wconf 73' lang='grc' dir='ltr'><em>τοὺς</em></span> <span class='ocrx_word' id='word_1_50' title='bbox 1053 971 1242 1058; x_wconf 71' lang='grc' dir='ltr'><em>συνηγόρους</em></span> <span class='ocrx_word' id='word_1_51' title='bbox 1269 970 1351 1056; x_wconf 90' lang='grc' dir='ltr'><strong><em>καλῇ</em></strong></span> 
     </span>
     <span class='ocr_line' id='line_1_8' title="bbox 224 1078 1352 1167; baseline -0.004 -20"><span class='ocrx_word' id='word_1_52' title='bbox 224 1084 282 1147; x_wconf 84' lang='grc' dir='ltr'><strong><em>καὶ</em></strong></span> <span class='ocrx_word' id='word_1_53' title='bbox 308 1080 383 1158; x_wconf 82' lang='grc' dir='ltr'>τούς</span> <span class='ocrx_word' id='word_1_54' title='bbox 410 1081 579 1157; x_wconf 82' lang='grc' dir='ltr'><em>κοινωνούς</em></span> <span class='ocrx_word' id='word_1_55' title='bbox 706 1078 895 1167; x_wconf 75' lang='grc' dir='ltr'><strong><em>παρακαλῇ,</em></strong></span> <span class='ocrx_word' id='word_1_56' title='bbox 929 1102 1011 1164; x_wconf 91' lang='lat' dir='ltr'>quae</span> <span class='ocrx_word' id='word_1_57' title='bbox 1042 1079 1125 1144; x_wconf 83' lang='lat' dir='ltr'>falsa</span> <span class='ocrx_word' id='word_1_58' title='bbox 1153 1101 1220 1144; x_wconf 88' lang='lat' dir='ltr'>esse</span> <span class='ocrx_word' id='word_1_59' title='bbox 1248 1101 1287 1142; x_wconf 85' lang='lat' dir='ltr'>ex</span> <span class='ocrx_word' id='word_1_60' title='bbox 1315 1101 1352 1142; x_wconf 89' lang='lat' dir='ltr'>ea</span> 
     </span>
     <span class='ocr_line' id='line_1_9' title="bbox 225 1186 1353 1275; baseline -0.004 -21"><span class='ocrx_word' id='word_1_61' title='bbox 225 1192 360 1275; x_wconf 83' lang='lat' dir='ltr'>apparet</span> <span class='ocrx_word' id='word_1_62' title='bbox 391 1211 426 1252; x_wconf 93' lang='lat' dir='ltr'>re</span> <span class='ocrx_word' id='word_1_63' title='bbox 453 1189 539 1272; x_wconf 92' lang='lat' dir='ltr'>quod</span> <span class='ocrx_word' id='word_1_64' title='bbox 571 1193 603 1252; x_wconf 90' lang='lat' dir='ltr'>et</span> <span class='ocrx_word' id='word_1_65' title='bbox 634 1187 682 1251; x_wconf 86' lang='lat' dir='ltr'>vis</span> <span class='ocrx_word' id='word_1_66' title='bbox 715 1187 887 1252; x_wconf 71' lang='lat' dir='ltr'>sentenciae</span> <span class='ocrx_word' id='word_1_67' title='bbox 918 1187 953 1250; x_wconf 92' lang='lat' dir='ltr'>in</span> <span class='ocrx_word' id='word_1_68' title='bbox 981 1209 1018 1250; x_wconf 90' lang='lat' dir='ltr'>eo</span> <span class='ocrx_word' id='word_1_69' title='bbox 1051 1187 1155 1271; x_wconf 85' lang='lat' dir='ltr'>posita</span> <span class='ocrx_word' id='word_1_70' title='bbox 1188 1190 1235 1250; x_wconf 88' lang='lat' dir='ltr'>est</span> <span class='ocrx_word' id='word_1_71' title='bbox 1267 1186 1353 1270; x_wconf 91' lang='lat' dir='ltr'>quod</span> 
     </span>
     <span class='ocr_line' id='line_1_10' title="bbox 224 1291 1352 1382; baseline -0.004 -22"><span class='ocrx_word' id='word_1_72' title='bbox 224 1296 393 1382; x_wconf 75' lang='grc' dir='ltr'><em>συνήγοροι</em></span> <span class='ocrx_word' id='word_1_73' title='bbox 416 1295 471 1360; x_wconf 91' lang='lat' dir='ltr'>isti</span> <span class='ocrx_word' id='word_1_74' title='bbox 494 1293 718 1359; x_wconf 76' lang='lat' dir='ltr'>Demosthenis</span> <span class='ocrx_word' id='word_1_75' title='bbox 743 1299 775 1358; x_wconf 88' lang='lat' dir='ltr'>et</span> <span class='ocrx_word' id='word_1_76' title='bbox 794 1296 941 1357; x_wconf 72' lang='grc' dir='ltr'><em>κοινωνοί</em></span> <span class='ocrx_word' id='word_1_77' title='bbox 966 1291 1041 1378; x_wconf 76' lang='grc' dir='ltr'>(τῶν</span> <span class='ocrx_word' id='word_1_78' title='bbox 1068 1291 1352 1380; x_wconf 74' lang='grc' dir='ltr'><em>δωροδοκημάτων)</em></span> 
     </span>
     <span class='ocr_line' id='line_1_11' title="bbox 226 1399 1354 1486; baseline -0.002 -20"><span class='ocrx_word' id='word_1_79' title='bbox 226 1401 324 1466; x_wconf 89' lang='lat' dir='ltr'>iidem</span> <span class='ocrx_word' id='word_1_80' title='bbox 347 1406 421 1466; x_wconf 90' lang='lat' dir='ltr'>sunt</span> <span class='ocrx_word' id='word_1_81' title='bbox 444 1400 514 1478; x_wconf 88' lang='lat' dir='ltr'>viri,</span> <span class='ocrx_word' id='word_1_82' title='bbox 537 1421 634 1486; x_wconf 90' lang='lat' dir='ltr'>quare</span> <span class='ocrx_word' id='word_1_83' title='bbox 657 1421 720 1463; x_wconf 90' lang='lat' dir='ltr'>non</span> <span class='ocrx_word' id='word_1_84' title='bbox 744 1405 828 1464; x_wconf 86' lang='lat' dir='ltr'>recte</span> <span class='ocrx_word' id='word_1_85' title='bbox 850 1399 961 1464; x_wconf 75' lang='lat' dir='ltr'>rh‘etor</span> <span class='ocrx_word' id='word_1_86' title='bbox 985 1421 1039 1464; x_wconf 90' lang='lat' dir='ltr'>eos</span> <span class='ocrx_word' id='word_1_87' title='bbox 1063 1399 1195 1477; x_wconf 83' lang='lat' dir='ltr'>dirimit,</span> <span class='ocrx_word' id='word_1_88' title='bbox 1224 1404 1255 1464; x_wconf 89' lang='lat' dir='ltr'>et</span> <span class='ocrx_word' id='word_1_89' title='bbox 1280 1421 1354 1464; x_wconf 89' lang='lat' dir='ltr'>con-</span> 
     </span>
     <span class='ocr_line' id='line_1_12' title="bbox 226 1505 1355 1591; baseline -0.002 -19"><span class='ocrx_word' id='word_1_90' title='bbox 226 1507 364 1573; x_wconf 88' lang='lat' dir='ltr'>cinnitas</span> <span class='ocrx_word' id='word_1_91' title='bbox 387 1507 542 1572; x_wconf 88' lang='lat' dir='ltr'>sermonis</span> <span class='ocrx_word' id='word_1_92' title='bbox 565 1506 696 1583; x_wconf 88' lang='lat' dir='ltr'>deletur,</span> <span class='ocrx_word' id='word_1_93' title='bbox 719 1505 802 1590; x_wconf 88' lang='grc' dir='ltr'><strong><em>καλῇ</em></strong></span> <span class='ocrx_word' id='word_1_94' title='bbox 825 1505 910 1570; x_wconf 90' lang='lat' dir='ltr'>enim</span> <span class='ocrx_word' id='word_1_95' title='bbox 932 1505 1012 1569; x_wconf 90' lang='lat' dir='ltr'>illud</span> <span class='ocrx_word' id='word_1_96' title='bbox 1029 1511 1059 1570; x_wconf 87' lang='lat' dir='ltr'>ct</span> <span class='ocrx_word' id='word_1_97' title='bbox 1080 1505 1256 1591; x_wconf 79' lang='grc' dir='ltr'><strong><em>παρακαλῇ</em></strong></span> <span class='ocrx_word' id='word_1_98' title='bbox 1271 1507 1355 1570; x_wconf 83' lang='lat' dir='ltr'>male</span> 
     </span>
     <span class='ocr_line' id='line_1_13' title="bbox 226 1611 1355 1699; baseline -0.004 -19"><span class='ocrx_word' id='word_1_99' title='bbox 226 1637 343 1680; x_wconf 83' lang='lat' dir='ltr'>sonare</span> <span class='ocrx_word' id='word_1_100' title='bbox 366 1636 458 1680; x_wconf 88' lang='lat' dir='ltr'>nemo</span> <span class='ocrx_word' id='word_1_101' title='bbox 482 1613 622 1698; x_wconf 83' lang='lat' dir='ltr'>negabit.</span> <span class='ocrx_word' id='word_1_102' title='bbox 660 1637 706 1698; x_wconf 88' lang='lat' dir='ltr'>pr.</span> <span class='ocrx_word' id='word_1_103' title='bbox 724 1620 787 1678; x_wconf 84' lang='lat'>252</span> <span class='ocrx_word' id='word_1_104' title='bbox 809 1611 909 1695; x_wconf 88' lang='lat' dir='ltr'>Harp.</span> <span class='ocrx_word' id='word_1_105' title='bbox 932 1613 1029 1677; x_wconf 85' lang='lat' dir='ltr'>habet</span> <span class='ocrx_word' id='word_1_106' title='bbox 1052 1611 1080 1675; x_wconf 81' lang='grc' dir='ltr'>εἰ</span> <span class='ocrx_word' id='word_1_107' title='bbox 1103 1611 1137 1677; x_wconf 78' lang='grc' dir='ltr'>δὲ</span> <span class='ocrx_word' id='word_1_108' title='bbox 1159 1617 1218 1694; x_wconf 85' lang='grc' dir='ltr'><strong><em>μία</em></strong></span> <span class='ocrx_word' id='word_1_109' title='bbox 1242 1613 1355 1699; x_wconf 71' lang='grc' dir='ltr'><em>ψῆφος</em></span> 
     </span>
     <span class='ocr_line' id='line_1_14' title="bbox 230 1715 1356 1807; baseline -0.004 -22"><span class='ocrx_word' id='word_1_110' title='bbox 230 1719 439 1807; x_wconf 75' lang='grc' dir='ltr'>ὖπερέπεσεν,</span> <span class='ocrx_word' id='word_1_111' title='bbox 473 1717 672 1806; x_wconf 78' lang='grc' dir='ltr'><em>ὑπερώριστο</em></span> <span class='ocrx_word' id='word_1_112' title='bbox 700 1715 739 1782; x_wconf 73' lang='grc' dir='ltr'>ἂν</span> <span class='ocrx_word' id='word_1_113' title='bbox 766 1720 820 1782; x_wconf 86' lang='grc' dir='ltr'><strong><em>καὶ</em></strong></span> <span class='ocrx_word' id='word_1_114' title='bbox 847 1715 1016 1782; x_wconf 71' lang='grc' dir='ltr'>ἀπέθανεν</span> <span class='ocrx_word' id='word_1_115' title='bbox 1046 1741 1104 1802; x_wconf 91' lang='lat' dir='ltr'>pro</span> <span class='ocrx_word' id='word_1_116' title='bbox 1133 1717 1300 1783; x_wconf 86' lang='lat' dir='ltr'>Aeschinis</span> <span class='ocrx_word' id='word_1_117' title='bbox 1328 1719 1356 1782; x_wconf 75' lang='lat' dir='ltr'>st</span> 
     </span>
     <span class='ocr_line' id='line_1_15' title="bbox 228 1821 1356 1912; baseline -0.002 -20"><span class='ocrx_word' id='word_1_118' title='bbox 228 1828 266 1892; x_wconf 76' lang='grc' dir='ltr'>δὲ</span> <span class='ocrx_word' id='word_1_119' title='bbox 292 1831 351 1910; x_wconf 78' lang='grc' dir='ltr'><strong><em>μία</em></strong></span> <span class='ocrx_word' id='word_1_120' title='bbox 374 1828 471 1909; x_wconf 84' lang='grc' dir='ltr'><em>μόνον</em></span> <span class='ocrx_word' id='word_1_121' title='bbox 492 1829 678 1908; x_wconf 75' lang='grc' dir='ltr'><em>μετέπεσεν,</em></span> <span class='ocrx_word' id='word_1_122' title='bbox 708 1823 905 1912; x_wconf 77' lang='grc' dir='ltr'><em>ὑπερώριστο</em></span> <span class='ocrx_word' id='word_1_123' title='bbox 929 1821 969 1889; x_wconf 74' lang='lat' dir='ltr'>dv</span> <span class='ocrx_word' id='word_1_124' title='bbox 996 1821 1016 1910; x_wconf 78' lang='grc' dir='ltr'>ἢ</span> <span class='ocrx_word' id='word_1_125' title='bbox 1044 1823 1227 1906; x_wconf 61' lang='grc' dir='ltr'>ἀπέθανον·</span> <span class='ocrx_word' id='word_1_126' title='bbox 1254 1848 1356 1910; x_wconf 88' lang='lat' dir='ltr'>neque</span> 
     </span>
     <span class='ocr_line' id='line_1_16' title="bbox 229 1924 1358 2022; baseline 0 -24"><span class='ocrx_word' id='word_1_127' title='bbox 229 1956 306 2000; x_wconf 81' lang='lat' dir='ltr'>vero</span> <span class='ocrx_word' id='word_1_128' title='bbox 330 1935 468 2022; x_wconf 86' lang='lat' dir='ltr'>genuina</span> <span class='ocrx_word' id='word_1_129' title='bbox 483 1934 582 2018; x_wconf 90' lang='lat' dir='ltr'>Harp.</span> <span class='ocrx_word' id='word_1_130' title='bbox 599 1956 666 1998; x_wconf 90' lang='lat' dir='ltr'>esse</span> <span class='ocrx_word' id='word_1_131' title='bbox 683 1933 780 1998; x_wconf 88' lang='lat' dir='ltr'>verba</span> <span class='ocrx_word' id='word_1_132' title='bbox 802 1933 956 2017; x_wconf 90' lang='lat' dir='ltr'>probatur</span> <span class='ocrx_word' id='word_1_133' title='bbox 978 1924 1179 2018; x_wconf 79' lang='grc' dir='ltr'>ὑπερέπεσεν</span> <span class='ocrx_word' id='word_1_134' title='bbox 1193 1934 1358 2012; x_wconf 87' lang='lat' dir='ltr'>vocabulo,</span> 
     </span>
     <span class='ocr_line' id='line_1_17' title="bbox 228 2029 1359 2126; baseline -0.005 -17"><span class='ocrx_word' id='word_1_135' title='bbox 228 2065 297 2126; x_wconf 88' lang='lat' dir='ltr'>quo</span> <span class='ocrx_word' id='word_1_136' title='bbox 313 2042 453 2107; x_wconf 86' lang='lat' dir='ltr'>adhibito</span> <span class='ocrx_word' id='word_1_137' title='bbox 477 2042 507 2106; x_wconf 95' lang='lat' dir='ltr'>h.</span> <span class='ocrx_word' id='word_1_138' title='bbox 531 2042 552 2106; x_wconf 92' lang='lat' dir='ltr'>l.</span> <span class='ocrx_word' id='word_1_139' title='bbox 576 2063 707 2106; x_wconf 82' lang='lat' dir='ltr'>acumen</span> <span class='ocrx_word' id='word_1_140' title='bbox 724 2046 756 2106; x_wconf 88' lang='lat' dir='ltr'>et</span> <span class='ocrx_word' id='word_1_141' title='bbox 771 2041 819 2105; x_wconf 88' lang='lat' dir='ltr'>vis</span> <span class='ocrx_word' id='word_1_142' title='bbox 835 2040 1009 2105; x_wconf 88' lang='lat' dir='ltr'>sententiae</span> <span class='ocrx_word' id='word_1_143' title='bbox 1032 2039 1127 2125; x_wconf 82' lang='lat' dir='ltr'>perit3</span> <span class='ocrx_word' id='word_1_144' title='bbox 1151 2029 1359 2120; x_wconf 79' lang='lat' dir='ltr'>numerator,</span> 
     </span>
     <span class='ocr_line' id='line_1_18' title="bbox 228 2148 1359 2232; baseline -0.002 -18"><span class='ocrx_word' id='word_1_145' title='bbox 228 2150 362 2214; x_wconf 91' lang='lat' dir='ltr'>cumin</span> <span class='ocrx_word' id='word_1_146' title='bbox 385 2170 508 2213; x_wconf 92' lang='lat' dir='ltr'>summo</span> <span class='ocrx_word' id='word_1_147' title='bbox 531 2148 692 2214; x_wconf 89' lang='lat' dir='ltr'>hominem</span> <span class='ocrx_word' id='word_1_148' title='bbox 715 2149 806 2212; x_wconf 91' lang='lat' dir='ltr'>illum</span> <span class='ocrx_word' id='word_1_149' title='bbox 831 2149 869 2212; x_wconf 90' lang='lat' dir='ltr'>de</span> <span class='ocrx_word' id='word_1_150' title='bbox 892 2170 955 2232; x_wconf 92' lang='lat' dir='ltr'>quo</span> <span class='ocrx_word' id='word_1_151' title='bbox 979 2148 1075 2212; x_wconf 88' lang='lat' dir='ltr'>verba</span> <span class='ocrx_word' id='word_1_152' title='bbox 1098 2148 1177 2212; x_wconf 82' lang='lat' dir='ltr'>iacit</span> <span class='ocrx_word' id='word_1_153' title='bbox 1199 2153 1359 2212; x_wconf 88' lang='lat' dir='ltr'>versatum</span> 
     </span>
     <span class='ocr_line' id='line_1_19' title="bbox 229 2255 1361 2340; baseline -0.001 -19"><span class='ocrx_word' id='word_1_154' title='bbox 229 2279 302 2321; x_wconf 86' lang='lat' dir='ltr'>esse</span> <span class='ocrx_word' id='word_1_155' title='bbox 318 2256 498 2321; x_wconf 88' lang='lat' dir='ltr'>discrimine</span> <span class='ocrx_word' id='word_1_156' title='bbox 521 2255 659 2320; x_wconf 85' lang='lat' dir='ltr'>indicare</span> <span class='ocrx_word' id='word_1_157' title='bbox 674 2256 760 2334; x_wconf 89' lang='lat' dir='ltr'>velit,</span> <span class='ocrx_word' id='word_1_158' title='bbox 783 2277 847 2320; x_wconf 91' lang='lat' dir='ltr'>non</span> <span class='ocrx_word' id='word_1_159' title='bbox 863 2261 936 2340; x_wconf 85' lang='lat' dir='ltr'>apte</span> <span class='ocrx_word' id='word_1_160' title='bbox 959 2256 1021 2320; x_wconf 80' lang='lat' dir='ltr'>ho‘c</span> <span class='ocrx_word' id='word_1_161' title='bbox 1044 2256 1115 2320; x_wconf 93' lang='lat' dir='ltr'>loco</span> <span class='ocrx_word' id='word_1_162' title='bbox 1132 2256 1234 2320; x_wconf 88' lang='lat' dir='ltr'>dicere</span> <span class='ocrx_word' id='word_1_163' title='bbox 1255 2260 1361 2339; x_wconf 91' lang='lat' dir='ltr'>potest</span> 
     </span>
     <span class='ocr_line' id='line_1_20' title="bbox 228 2360 1362 2449; baseline 0.001 -21"><span class='ocrx_word' id='word_1_164' title='bbox 228 2361 394 2449; x_wconf 83' lang='lat' dir='ltr'>“periisset</span> <span class='ocrx_word' id='word_1_165' title='bbox 417 2363 444 2428; x_wconf 90' lang='lat' dir='ltr'>si</span> <span class='ocrx_word' id='word_1_166' title='bbox 469 2363 570 2428; x_wconf 87' lang='lat' dir='ltr'>altera</span> <span class='ocrx_word' id='word_1_167' title='bbox 592 2386 665 2446; x_wconf 89' lang='lat' dir='ltr'>pars</span> <span class='ocrx_word' id='word_1_168' title='bbox 689 2363 822 2427; x_wconf 87' lang='lat' dir='ltr'>alteram</span> <span class='ocrx_word' id='word_1_169' title='bbox 845 2385 908 2427; x_wconf 91' lang='lat' dir='ltr'>uno</span> <span class='ocrx_word' id='word_1_170' title='bbox 925 2363 1052 2428; x_wconf 88' lang='lat' dir='ltr'>vicisset</span> <span class='ocrx_word' id='word_1_171' title='bbox 1068 2360 1244 2448; x_wconf 78' lang='lat' dir='ltr'>suffragio&#39;,</span> <span class='ocrx_word' id='word_1_172' title='bbox 1268 2363 1362 2429; x_wconf 91' lang='lat' dir='ltr'>debet</span> 
     </span>
     <span class='ocr_line' id='line_1_21' title="bbox 229 2457 1362 2554; baseline 0 -18"><span class='ocrx_word' id='word_1_173' title='bbox 229 2470 351 2550; x_wconf 83' lang='lat' dir='ltr'>dicere,</span> <span class='ocrx_word' id='word_1_174' title='bbox 383 2469 415 2534; x_wconf 93' lang='lat' dir='ltr'>id</span> <span class='ocrx_word' id='word_1_175' title='bbox 443 2469 529 2554; x_wconf 92' lang='lat' dir='ltr'>quod</span> <span class='ocrx_word' id='word_1_176' title='bbox 558 2474 661 2534; x_wconf 85' lang='lat' dir='ltr'>exstat</span> <span class='ocrx_word' id='word_1_177' title='bbox 689 2469 721 2532; x_wconf 90' lang='lat' dir='ltr'>in</span> <span class='ocrx_word' id='word_1_178' title='bbox 749 2468 917 2533; x_wconf 87' lang='lat' dir='ltr'>Aeschinis</span> <span class='ocrx_word' id='word_1_179' title='bbox 946 2468 1119 2547; x_wconf 83' lang='lat' dir='ltr'>codicibus,</span> <span class='ocrx_word' id='word_1_180' title='bbox 1146 2465 1307 2553; x_wconf 88' lang='lat' dir='ltr'>‘periisset</span> <span class='ocrx_word' id='word_1_181' title='bbox 1334 2457 1362 2538; x_wconf 87' lang='lat' dir='ltr'>si</span> 
     </span>
     <span class='ocr_line' id='line_1_22' title="bbox 232 2575 1361 2660; baseline 0.001 -18"><span class='ocrx_word' id='word_1_182' title='bbox 232 2578 363 2642; x_wconf 90' lang='lat' dir='ltr'>omnino</span> <span class='ocrx_word' id='word_1_183' title='bbox 391 2599 491 2641; x_wconf 92' lang='lat' dir='ltr'>unum</span> <span class='ocrx_word' id='word_1_184' title='bbox 519 2575 707 2660; x_wconf 82' lang='lat' dir='ltr'>suffragium</span> <span class='ocrx_word' id='word_1_185' title='bbox 737 2575 893 2640; x_wconf 85' lang='lat' dir='ltr'>aliter-</span> <span class='ocrx_word' id='word_1_186' title='bbox 923 2576 955 2640; x_wconf 93' lang='lat' dir='ltr'>id</span> <span class='ocrx_word' id='word_1_187' title='bbox 984 2581 1032 2640; x_wconf 90' lang='lat' dir='ltr'>est</span> <span class='ocrx_word' id='word_1_188' title='bbox 1058 2596 1124 2639; x_wconf 94' lang='lat' dir='ltr'>non</span> <span class='ocrx_word' id='word_1_189' title='bbox 1152 2597 1210 2660; x_wconf 91' lang='lat' dir='ltr'>pro</span> <span class='ocrx_word' id='word_1_190' title='bbox 1240 2598 1278 2641; x_wconf 91' lang='lat' dir='ltr'>eo</span> <span class='ocrx_word' id='word_1_191' title='bbox 1307 2579 1361 2643; x_wconf 91' lang='lat' dir='ltr'>sed</span> 
     </span>
     <span class='ocr_line' id='line_1_23' title="bbox 232 2678 1363 2769; baseline 0 -22"><span class='ocrx_word' id='word_1_192' title='bbox 232 2689 347 2748; x_wconf 89' lang='lat' dir='ltr'>contra</span> <span class='ocrx_word' id='word_1_193' title='bbox 371 2706 444 2748; x_wconf 89' lang='lat' dir='ltr'>eum</span> <span class='ocrx_word' id='word_1_194' title='bbox 467 2722 510 2730; x_wconf 92' lang='lat'><em>-</em></span> <span class='ocrx_word' id='word_1_195' title='bbox 534 2689 617 2748; x_wconf 89' lang='lat' dir='ltr'>esset</span> <span class='ocrx_word' id='word_1_196' title='bbox 639 2678 759 2748; x_wconf 71' lang='lat' dir='ltr'>latum.²</span> <span class='ocrx_word' id='word_1_197' title='bbox 806 2681 968 2767; x_wconf 82' lang='lat' dir='ltr'>Scriptum</span> <span class='ocrx_word' id='word_1_198' title='bbox 991 2687 1096 2747; x_wconf 84' lang='lat' dir='ltr'>autem</span> <span class='ocrx_word' id='word_1_199' title='bbox 1119 2681 1244 2748; x_wconf 87' lang='lat' dir='ltr'>videtur</span> <span class='ocrx_word' id='word_1_200' title='bbox 1266 2680 1363 2769; x_wconf 81' lang='grc' dir='ltr'><strong><em>ὑπερ-</em></strong></span> 
     </span>
     <span class='ocr_line' id='line_1_24' title="bbox 230 2790 1362 2875; baseline -0.001 -20"><span class='ocrx_word' id='word_1_201' title='bbox 230 2795 347 2855; x_wconf 70' lang='grc' dir='ltr'>έπεσεν</span> <span class='ocrx_word' id='word_1_202' title='bbox 374 2814 393 2855; x_wconf 89' lang='lat' dir='ltr'>a</span> <span class='ocrx_word' id='word_1_203' title='bbox 421 2791 490 2855; x_wconf 89' lang='lat' dir='ltr'>viro</span> <span class='ocrx_word' id='word_1_204' title='bbox 520 2790 576 2875; x_wconf 91' lang='lat' dir='ltr'>qui</span> <span class='ocrx_word' id='word_1_205' title='bbox 603 2791 760 2856; x_wconf 88' lang='lat' dir='ltr'>sententia</span> <span class='ocrx_word' id='word_1_206' title='bbox 787 2791 858 2874; x_wconf 87' lang='lat' dir='ltr'>ipsa</span> <span class='ocrx_word' id='word_1_207' title='bbox 884 2813 949 2854; x_wconf 90' lang='lat' dir='ltr'>non</span> <span class='ocrx_word' id='word_1_208' title='bbox 981 2790 1075 2874; x_wconf 90' lang='lat' dir='ltr'>plane</span> <span class='ocrx_word' id='word_1_209' title='bbox 1103 2795 1268 2874; x_wconf 88' lang='lat' dir='ltr'>perspecta</span> <span class='ocrx_word' id='word_1_210' title='bbox 1295 2813 1362 2856; x_wconf 91' lang='lat' dir='ltr'>rem</span> 
     </span>
     <span class='ocr_line' id='line_1_25' title="bbox 232 2897 1043 2983; baseline -0.002 -21"><span class='ocrx_word' id='word_1_211' title='bbox 232 2900 274 2962; x_wconf 90' lang='lat' dir='ltr'>de</span> <span class='ocrx_word' id='word_1_212' title='bbox 297 2921 361 2982; x_wconf 89' lang='lat' dir='ltr'>qua</span> <span class='ocrx_word' id='word_1_213' title='bbox 384 2898 491 2983; x_wconf 85' lang='lat' dir='ltr'>agitur</span> <span class='ocrx_word' id='word_1_214' title='bbox 514 2897 691 2963; x_wconf 84' lang='lat' dir='ltr'>accuratius</span> <span class='ocrx_word' id='word_1_215' title='bbox 716 2897 891 2981; x_wconf 87' lang='lat' dir='ltr'>exprimere</span> <span class='ocrx_word' id='word_1_216' title='bbox 914 2897 1043 2962; x_wconf 84' lang='lat' dir='ltr'>studuit.</span> 
     </span>
    </p>

    <p class='ocr_par' dir='ltr' id='par_1_3' title="bbox 231 3005 1366 3944">
     <span class='ocr_line' id='line_1_26' title="bbox 325 3005 1363 3089; baseline 0 -19"><span class='ocrx_word' id='word_1_217' title='bbox 325 3005 376 3070; x_wconf 78' lang='lat' dir='ltr'>Ex</span> <span class='ocrx_word' id='word_1_218' title='bbox 399 3005 438 3070; x_wconf 87' lang='lat' dir='ltr'>iis</span> <span class='ocrx_word' id='word_1_219' title='bbox 463 3028 543 3089; x_wconf 88' lang='lat' dir='ltr'>quae</span> <span class='ocrx_word' id='word_1_220' title='bbox 567 3005 661 3070; x_wconf 89' lang='lat' dir='ltr'>attuli</span> <span class='ocrx_word' id='word_1_221' title='bbox 684 3009 817 3089; x_wconf 86' lang='lat' dir='ltr'>apparet</span> <span class='ocrx_word' id='word_1_222' title='bbox 839 3005 978 3069; x_wconf 84' lang='lat' dir='ltr'>maxima</span> <span class='ocrx_word' id='word_1_223' title='bbox 1001 3005 1171 3089; x_wconf 87' lang='lat' dir='ltr'>scriptores</span> <span class='ocrx_word' id='word_1_224' title='bbox 1187 3009 1308 3070; x_wconf 86' lang='lat' dir='ltr'>veteres</span> <span class='ocrx_word' id='word_1_225' title='bbox 1331 3011 1363 3070; x_wconf 90' lang='lat' dir='ltr'>et</span> 
     </span>
     <span class='ocr_line' id='line_1_27' title="bbox 233 3111 1363 3197; baseline 0 -21"><span class='ocrx_word' id='word_1_226' title='bbox 233 3113 404 3197; x_wconf 86' lang='lat' dir='ltr'>praecipue</span> <span class='ocrx_word' id='word_1_227' title='bbox 432 3113 575 3176; x_wconf 90' lang='lat' dir='ltr'>rhetores</span> <span class='ocrx_word' id='word_1_228' title='bbox 603 3111 637 3175; x_wconf 93' lang='lat' dir='ltr'>in</span> <span class='ocrx_word' id='word_1_229' title='bbox 662 3111 764 3176; x_wconf 83' lang='lat' dir='ltr'>verbis</span> <span class='ocrx_word' id='word_1_230' title='bbox 788 3112 924 3176; x_wconf 86' lang='lat' dir='ltr'>oratoris</span> <span class='ocrx_word' id='word_1_231' title='bbox 954 3111 1165 3176; x_wconf 86' lang='lat' dir='ltr'>describendis</span> <span class='ocrx_word' id='word_1_232' title='bbox 1192 3133 1267 3176; x_wconf 89' lang='lat' dir='ltr'>usos</span> <span class='ocrx_word' id='word_1_233' title='bbox 1296 3134 1363 3176; x_wconf 86' lang='lat' dir='ltr'>esse</span> 
     </span>
     <span class='ocr_line' id='line_1_28' title="bbox 233 3217 1363 3305; baseline -0.001 -22"><span class='ocrx_word' id='word_1_234' title='bbox 233 3218 452 3305; x_wconf 82' lang='lat' dir='ltr'>neglegentia,</span> <span class='ocrx_word' id='word_1_235' title='bbox 484 3217 620 3296; x_wconf 89' lang='lat' dir='ltr'>incuria,</span> <span class='ocrx_word' id='word_1_236' title='bbox 651 3218 794 3296; x_wconf 78' lang='lat' dir='ltr'>licentis,</span> <span class='ocrx_word' id='word_1_237' title='bbox 826 3219 934 3302; x_wconf 88' lang='lat' dir='ltr'>itaque</span> <span class='ocrx_word' id='word_1_238' title='bbox 963 3218 1084 3303; x_wconf 92' lang='lat' dir='ltr'>optimo</span> <span class='ocrx_word' id='word_1_239' title='bbox 1111 3219 1180 3283; x_wconf 88' lang='lat' dir='ltr'>iure</span> <span class='ocrx_word' id='word_1_240' title='bbox 1208 3218 1264 3282; x_wconf 92' lang='lat' dir='ltr'>ubi</span> <span class='ocrx_word' id='word_1_241' title='bbox 1292 3241 1363 3282; x_wconf 91' lang='lat' dir='ltr'>cum</span> 
     </span>
     <span class='ocr_line' id='line_1_29' title="bbox 231 3324 1364 3403; baseline 0 -13"><span class='ocrx_word' id='word_1_242' title='bbox 231 3331 349 3390; x_wconf 89' lang='lat' dir='ltr'>neutra</span> <span class='ocrx_word' id='word_1_243' title='bbox 365 3326 509 3391; x_wconf 88' lang='lat' dir='ltr'>codicum</span> <span class='ocrx_word' id='word_1_244' title='bbox 524 3324 776 3390; x_wconf 88' lang='lat' dir='ltr'>Aeschineorum</span> <span class='ocrx_word' id='word_1_245' title='bbox 791 3325 972 3390; x_wconf 86' lang='lat' dir='ltr'>recensione</span> <span class='ocrx_word' id='word_1_246' title='bbox 988 3325 1158 3390; x_wconf 90' lang='lat' dir='ltr'>concinunt</span> <span class='ocrx_word' id='word_1_247' title='bbox 1176 3324 1364 3403; x_wconf 87' lang='lat' dir='ltr'>testimonia,</span> 
     </span>
     <span class='ocr_line' id='line_1_30' title="bbox 237 3431 1365 3517; baseline 0.002 -22"><span class='ocrx_word' id='word_1_248' title='bbox 237 3433 287 3496; x_wconf 92' lang='lat' dir='ltr'>his</span> <span class='ocrx_word' id='word_1_249' title='bbox 303 3433 434 3513; x_wconf 88' lang='lat' dir='ltr'>nullam,</span> <span class='ocrx_word' id='word_1_250' title='bbox 457 3455 613 3498; x_wconf 90' lang='lat' dir='ltr'>summam</span> <span class='ocrx_word' id='word_1_251' title='bbox 628 3432 692 3498; x_wconf 86' lang='lat' dir='ltr'>illis</span> <span class='ocrx_word' id='word_1_252' title='bbox 719 3432 907 3496; x_wconf 88' lang='lat' dir='ltr'>habebimus</span> <span class='ocrx_word' id='word_1_253' title='bbox 923 3431 1054 3516; x_wconf 78' lang='lat' dir='ltr'>fidem.1)</span> <span class='ocrx_word' id='word_1_254' title='bbox 1095 3431 1169 3496; x_wconf 82' lang='lat' dir='ltr'>Sine</span> <span class='ocrx_word' id='word_1_255' title='bbox 1184 3432 1251 3496; x_wconf 88' lang='lat' dir='ltr'>ulla</span> <span class='ocrx_word' id='word_1_256' title='bbox 1266 3431 1365 3517; x_wconf 85' lang='lat' dir='ltr'>igitur</span> 
     </span>
     <span class='ocr_line' id='line_1_31' title="bbox 233 3539 1364 3625; baseline 0 -22"><span class='ocrx_word' id='word_1_257' title='bbox 233 3540 436 3605; x_wconf 82' lang='lat' dir='ltr'>dubitatione</span> <span class='ocrx_word' id='word_1_258' title='bbox 464 3563 489 3606; x_wconf 88' lang='lat' dir='ltr'>e.</span> <span class='ocrx_word' id='word_1_259' title='bbox 517 3562 547 3625; x_wconf 84' lang='lat' dir='ltr'>g.</span> <span class='ocrx_word' id='word_1_260' title='bbox 575 3539 636 3618; x_wconf 85' lang='lat' dir='ltr'>HI,</span> <span class='ocrx_word' id='word_1_261' title='bbox 665 3546 683 3604; x_wconf 89' lang='grc'>9</span> <span class='ocrx_word' id='word_1_262' title='bbox 718 3561 790 3604; x_wconf 91' lang='lat' dir='ltr'>cum</span> <span class='ocrx_word' id='word_1_263' title='bbox 818 3539 976 3604; x_wconf 87' lang='lat' dir='ltr'>Aeschine</span> <span class='ocrx_word' id='word_1_264' title='bbox 1009 3540 1181 3604; x_wconf 88' lang='lat' dir='ltr'>scribemus</span> <span class='ocrx_word' id='word_1_265' title='bbox 1209 3561 1364 3625; x_wconf 78' lang='grc' dir='ltr'><strong><em>προκατε-</em></strong></span> 
     </span>
     <span class='ocr_line' id='line_1_32' title="bbox 237 3642 1365 3731; baseline 0.001 -21"><span class='ocrx_word' id='word_1_266' title='bbox 237 3646 401 3731; x_wconf 79' lang='grc' dir='ltr'>λάμβανον</span> <span class='ocrx_word' id='word_1_267' title='bbox 433 3643 492 3722; x_wconf 85' lang='grc' dir='ltr'>τὰς</span> <span class='ocrx_word' id='word_1_268' title='bbox 523 3642 665 3722; x_wconf 77' lang='grc' dir='ltr'><strong><em>εὐθύνας</em></strong></span> <span class='ocrx_word' id='word_1_269' title='bbox 697 3643 842 3721; x_wconf 80' lang='grc' dir='ltr'><strong><em>ἐπαίνοις</em></strong></span> <span class='ocrx_word' id='word_1_270' title='bbox 880 3647 934 3710; x_wconf 83' lang='grc' dir='ltr'><strong><em>καλ</em></strong></span> <span class='ocrx_word' id='word_1_271' title='bbox 972 3646 1159 3731; x_wconf 79' lang='grc' dir='ltr'>κηρύγμασι,</span> <span class='ocrx_word' id='word_1_272' title='bbox 1198 3645 1365 3711; x_wconf 89' lang='lat' dir='ltr'>reiciemus</span> 
     </span>
     <span class='ocr_line' id='line_1_33' title="bbox 237 3751 1366 3836; baseline 0.002 -20"><span class='ocrx_word' id='word_1_273' title='bbox 237 3752 417 3820; x_wconf 90' lang='lat' dir='ltr'>Marcellini</span> <span class='ocrx_word' id='word_1_274' title='bbox 441 3752 578 3816; x_wconf 88' lang='lat' dir='ltr'>rhetoris</span> <span class='ocrx_word' id='word_1_275' title='bbox 601 3751 769 3816; x_wconf 91' lang='lat' dir='ltr'>lectionem</span> <span class='ocrx_word' id='word_1_276' title='bbox 793 3753 848 3836; x_wconf 90' lang='lat' dir='ltr'>qui</span> <span class='ocrx_word' id='word_1_277' title='bbox 871 3757 906 3816; x_wconf 89' lang='lat' dir='ltr'>ut</span> <span class='ocrx_word' id='word_1_278' title='bbox 929 3752 1118 3817; x_wconf 89' lang='lat' dir='ltr'>sententiam</span> <span class='ocrx_word' id='word_1_279' title='bbox 1142 3753 1182 3816; x_wconf 89' lang='lat' dir='ltr'>ab</span> <span class='ocrx_word' id='word_1_280' title='bbox 1206 3753 1366 3818; x_wconf 87' lang='lat' dir='ltr'>Aeschine</span> 
     </span>
     <span class='ocr_line' id='line_1_34' title="bbox 235 3858 1366 3944; baseline 0.002 -22"><span class='ocrx_word' id='word_1_281' title='bbox 235 3860 395 3942; x_wconf 89' lang='lat' dir='ltr'>prolatam</span> <span class='ocrx_word' id='word_1_282' title='bbox 424 3860 462 3923; x_wconf 92' lang='lat' dir='ltr'>de</span> <span class='ocrx_word' id='word_1_283' title='bbox 490 3879 547 3923; x_wconf 91' lang='lat' dir='ltr'>suo</span> <span class='ocrx_word' id='word_1_284' title='bbox 575 3863 690 3942; x_wconf 84' lang='lat' dir='ltr'>augeat</span> <span class='ocrx_word' id='word_1_285' title='bbox 718 3859 771 3922; x_wconf 85' lang='grc' dir='ltr'><strong><em>καὶ</em></strong></span> <span class='ocrx_word' id='word_1_286' title='bbox 799 3858 969 3944; x_wconf 77' lang='grc' dir='ltr'><em>στεφάνοις</em></span> <span class='ocrx_word' id='word_1_287' title='bbox 997 3859 1108 3937; x_wconf 86' lang='lat' dir='ltr'>adicit,</span> <span class='ocrx_word' id='word_1_288' title='bbox 1135 3864 1298 3943; x_wconf 89' lang='lat' dir='ltr'>sumptum</span> <span class='ocrx_word' id='word_1_289' title='bbox 1327 3883 1366 3924; x_wconf 84' lang='lat' dir='ltr'>ex</span> 
     </span>
    </p>
   </div>
   <div class='ocr_carea' id='block_1_3' title="bbox 235 4121 1367 4450">
    <p class='ocr_par' dir='ltr' id='par_1_4' title="bbox 235 4121 1367 4357">
     <span class='ocr_line' id='line_1_35' title="bbox 331 4121 1367 4194; baseline 0 -16"><span class='ocrx_word' id='word_1_290' title='bbox 331 4127 357 4194; x_wconf 84' lang='lat'>1)</span> <span class='ocrx_word' id='word_1_291' title='bbox 375 4122 542 4194; x_wconf 83' lang='lat' dir='ltr'>Excipicndi</span> <span class='ocrx_word' id='word_1_292' title='bbox 560 4139 626 4178; x_wconf 88' lang='lat' dir='ltr'>sanc</span> <span class='ocrx_word' id='word_1_293' title='bbox 644 4122 666 4176; x_wconf 91' lang='lat' dir='ltr'>ii</span> <span class='ocrx_word' id='word_1_294' title='bbox 683 4122 738 4178; x_wconf 92' lang='lat' dir='ltr'>loci</span> <span class='ocrx_word' id='word_1_295' title='bbox 756 4122 857 4192; x_wconf 87' lang='lat' dir='ltr'>quibus</span> <span class='ocrx_word' id='word_1_296' title='bbox 875 4121 1002 4178; x_wconf 85' lang='lat' dir='ltr'>codicum</span> <span class='ocrx_word' id='word_1_297' title='bbox 1022 4122 1106 4178; x_wconf 88' lang='lat' dir='ltr'>lectio</span> <span class='ocrx_word' id='word_1_298' title='bbox 1126 4125 1222 4192; x_wconf 88' lang='lat' dir='ltr'>aperte</span> <span class='ocrx_word' id='word_1_299' title='bbox 1235 4125 1367 4193; x_wconf 86' lang='lat' dir='ltr'>corrupta</span> 
     </span>
     <span class='ocr_line' id='line_1_36' title="bbox 235 4211 1367 4283; baseline -0.002 -15"><span class='ocrx_word' id='word_1_300' title='bbox 235 4215 295 4278; x_wconf 85' lang='lat' dir='ltr'>est;</span> <span class='ocrx_word' id='word_1_301' title='bbox 314 4211 374 4268; x_wconf 87' lang='lat' dir='ltr'>fieri</span> <span class='ocrx_word' id='word_1_302' title='bbox 393 4211 468 4268; x_wconf 84' lang='lat' dir='ltr'>enim</span> <span class='ocrx_word' id='word_1_303' title='bbox 486 4214 579 4283; x_wconf 86' lang='lat' dir='ltr'>potest</span> <span class='ocrx_word' id='word_1_304' title='bbox 597 4215 629 4266; x_wconf 89' lang='lat' dir='ltr'>ut</span> <span class='ocrx_word' id='word_1_305' title='bbox 647 4211 808 4267; x_wconf 85' lang='lat' dir='ltr'>testimonia</span> <span class='ocrx_word' id='word_1_306' title='bbox 826 4213 862 4266; x_wconf 87' lang='lat' dir='ltr'>ad</span> <span class='ocrx_word' id='word_1_307' title='bbox 881 4212 997 4267; x_wconf 86' lang='lat' dir='ltr'>oratoris</span> <span class='ocrx_word' id='word_1_308' title='bbox 1016 4213 1103 4267; x_wconf 86' lang='lat' dir='ltr'>verba</span> <span class='ocrx_word' id='word_1_309' title='bbox 1126 4211 1299 4268; x_wconf 85' lang='lat' dir='ltr'>restituenda</span> <span class='ocrx_word' id='word_1_310' title='bbox 1316 4229 1367 4268; x_wconf 84' lang='lat' dir='ltr'>nos</span> 
     </span>
     <span class='ocr_line' id='line_1_37' title="bbox 236 4301 349 4357; baseline 0.009 -2"><span class='ocrx_word' id='word_1_311' title='bbox 236 4301 349 4357; x_wconf 88' lang='lat' dir='ltr'>iuvent.</span> 
     </span>
    </p>

    <p class='ocr_par' dir='ltr' id='par_1_5' title="bbox 297 4391 1153 4450">
     <span class='ocr_line' id='line_1_38' title="bbox 297 4391 1153 4450; baseline 0.004 -9"><span class='ocrx_word' id='word_1_312' title='bbox 297 4401 449 4450; x_wconf 63' lang='lat' dir='ltr'>Quaestione·</span> <span class='ocrx_word' id='word_1_313' title='bbox 463 4399 606 4442; x_wconf 67' lang='lat' dir='ltr'>Aeschinem</span> <span class='ocrx_word' id='word_1_314' title='bbox 622 4401 723 4443; x_wconf 73' lang='lat' dir='ltr'>criticae.</span> <span class='ocrx_word' id='word_1_315' title='bbox 1135 4391 1153 4444; x_wconf 77' lang='lat'><strong>4</strong></span> 
     </span>
    </p>
   </div>
   <div class='ocr_carea' id='block_1_4' title="bbox 0 0 1638 4856">
    <p class='ocr_par' dir='ltr' id='par_1_6' title="bbox 0 0 1638 4856">
     <span class='ocr_line' id='line_1_39' title="bbox 0 0 1638 4856; baseline 0 0"><span class='ocrx_word' id='word_1_316' title='bbox 0 0 1638 4856; x_wconf 95' lang='lat' dir='ltr'> </span> 
     </span>
    </p>
   </div>
  </div>
 </body>
</html>
