3232 4856
700 263 743 270 ,.
792 231 829 287 75
878 262 922 270 .-

249 425 347 487 quare
370 403 592 487 inquirendum
616 408 671 480 cst,
694 403 760 466 utri
782 403 852 466 loco
876 402 979 466 maior
1001 401 1048 466 vis
1071 401 1154 468 insit.
1193 401 1221 464 B
1245 401 1371 484 quidem

250 509 395 574 dissentit
419 533 437 573 a
461 498 596 574 testibus
619 509 727 572 ordine
750 509 933 587 verborum,
961 531 1055 592 quem
1080 509 1254 572 dissensum
1282 507 1371 590 parvi

249 639 317 682 esse
344 617 524 681 habendum
548 638 619 680 cum
642 617 767 700 saepius
792 621 864 681 ante
888 616 1093 700 cognovimus
1121 619 1187 679 tum
1218 614 1371 697 hoc‘ipso

247 724 320 789 loco
344 725 395 788 vel
419 724 556 787 maxime
580 728 723 807 apparet;
746 723 797 786 fac
821 725 904 786 enirn
928 745 1036 786 omnes
1059 720 1215 786 hocloco
1238 721 1372 784 oratoris

249 832 348 896 libros
364 831 520 915 inspicias,
544 853 715 915 cognosces
730 831 860 894 mininie
883 830 1029 896 librarios
1046 829 1187 894 ordinem
1203 828 1373 898 verborum

249 939 417 1015 curavisse,
441 961 515 1001 nam
535 941 660 1021 praeter
676 959 747 1002 eum
763 959 858 1020 quem
873 937 907 1000 in
922 935 953 1000 A
970 941 1001 1000 et
1017 934 1043 998 B
1067 957 1182 1020 genere
1197 936 1373 999 invenimus

247 1045 401 1110 traditum
432 1045 466 1109 in
499 1045 569 1108 aliis
603 1043 763 1108 codicibus
797 1047 900 1108 exstat
931 1041 1081 1127 καθαρὸν
1112 1037 1194 1106 εἶναι
1228 1041 1285 1126 χρὴ
1318 1040 1373 1105 τὸν

248 1156 331 1236 βίον,
360 1151 393 1215 in
417 1152 487 1216 aliis
512 1150 569 1236 χρὴ
594 1149 742 1236 καθαρὸν
764 1149 819 1214 τὸν
844 1154 912 1234 βίον
935 1143 1027 1213 εἶναι.
1068 1149 1167 1213 altero
1191 1169 1267 1212 vero
1294 1148 1373 1225 loco,

250 1258 305 1322 ubi
331 1257 358 1322 B
392 1258 490 1322 habet
517 1258 576 1341 μή,
610 1257 653 1322 A:
680 1255 769 1343 μηδ),
801 1257 958 1320 dissensus
986 1278 1049 1320 non
1076 1256 1103 1320 is
1131 1260 1191 1333 est,
1220 1277 1283 1338 quo
1312 1255 1373 1318 nisi

248 1365 423 1449 quidquam
446 1364 525 1430 certi
548 1365 585 1428 de
608 1365 698 1428 libris
722 1389 740 1429 a
764 1364 992 1448 fio'rilcgiorum
1016 1363 1199 1427 auctoribus
1223 1361 1372 1426 adhibitis

249 1472 408 1537 affirmare
431 1473 597 1557 possimus.
643 1471 757 1554 Neque
784 1472 856 1555 plus
884 1493 942 1535 nos
966 1471 1057 1534 docet
1079 1493 1126 1554 pr.
1152 1477 1193 1534 84
1221 1470 1277 1533 ubi
1301 1467 1373 1533 Sto-

249 1580 346 1644 baeus
374 1589 405 1644 et
433 1582 448 1644 f
474 1581 572 1644 codex
604 1579 722 1643 habent
751 1575 1033 1661 ὑπολαμβάνοντες
1060 1577 1122 1641 Bd:
1157 1573 1373 1659 ὑπολαβόντος

249 1691 282 1751 et
308 1688 417 1771 paullo
446 1687 529 1751 infra
552 1686 640 1752 Stob.
665 1691 696 1750 et
720 1687 739 1749 d
767 1687 866 1750 codex
889 1682 968 1748 ὥστε
993 1734 999 1748 .
1026 1735 1032 1747 .
1060 1733 1066 1746 .
1092 1681 1287 1769 ἐπικρατεῖν,
1317 1683 1372 1746 Bf:

249 1791 328 1858 ὥστε
353 1843 359 1858 .
386 1843 393 1858 .
420 1844 426 1858 .
451 1791 626 1879 ἐπικρατεῖ,
650 1817 724 1857 nam
747 1793 835 1857 nulla
858 1793 924 1856 fere
948 1791 1082 1876 singulis
1098 1791 1263 1855 Aeschinis
1288 1791 1372 1854 codi-

249 1902 351 1980 cibus,
379 1902 434 1966 ubi
463 1926 481 1966 a
508 1902 640 1985 reliquis
669 1902 808 1965 eiusdem
837 1899 961 1985 generis
985 1899 1179 1982 discrepant,
1206 1899 1373 1963 tribuenda

250 2014 297 2073 est
319 2008 376 2086 vis,
399 2009 459 2073 hoo
484 2013 588 2073 autern
611 2009 682 2072 loeo
707 2030 743 2072 eo
760 2008 864 2071 minus
881 2006 955 2090 quia
971 2005 1199 2089 discrepantiae
1215 2027 1269 2069 eae
1291 2009 1372 2082 sunt,

183 2169 186 2174 .
249 2116 358 2200 quales
391 2116 572 2199 saepissime
603 2116 636 2179 in
670 2115 803 2180 oratoris
841 2114 931 2178 libris
965 2137 983 2178 a
1020 2113 1158 2178 librariis
1190 2113 1373 2176 commissas

248 2223 454 2288 inveniamus.

337 2330 449 2414 ltaque
473 2330 505 2394 in
533 2331 636 2413 prima
660 2351 786 2413 quoque
811 2329 954 2393 oratione
977 2329 1142 2412 utriusque
1167 2327 1275 2391 classis
1299 2331 1372 2390 sunt

248 2437 442 2513 testimonia,
473 2459 554 2520 quae
582 2436 729 2499 omnibus
761 2436 799 2499 iis
827 2436 904 2500 locis
933 2435 987 2517 qui
1014 2436 1046 2498 in
1075 2434 1174 2498 altera
1202 2434 1301 2497 classe
1334 2433 1373 2496 ad

249 2546 349 2609 solam
375 2543 612 2629 neglegentiam
634 2543 686 2606 vel
715 2563 852 2605 errorem
881 2541 1003 2606 librarii
1027 2563 1090 2604 non
1118 2540 1211 2604 facile
1239 2545 1373 2622 possunt

248 2652 362 2730 redire,
396 2652 596 2740 consentiunt
629 2672 700 2713 cum
733 2649 759 2714 B
792 2670 920 2734 genera
954 2652 1064 2712 contra
1092 2649 1122 2712 A
1155 2647 1280 2732 generis
1308 2669 1373 2710 uon

249 2765 375 2824 exstant
402 2759 464 2823 nisi
491 2759 585 2836 tales,
618 2749 698 2841 quos
728 2757 974 2821 contemnendos
1004 2777 1071 2820 esse
1103 2758 1139 2820 ut
1170 2753 1372 2819 librariorum

249 2866 314 2931 sive
337 2866 533 2949 corruptelas
557 2865 621 2930 sive
646 2885 767 2929 errores
791 2865 916 2946 saepius
933 2867 1006 2926 ante
1021 2862 1250 2926 monuerimus:
1274 2883 1371 2944 quare

249 2993 360 3037 censeo
389 2973 593 3056 antiquorum
617 2972 809 3055 scriptorum
836 2971 934 3035 libros
958 2970 1152 3034 Aeschineos
1177 2969 1372 3052 propinquos

248 3077 345 3142 fuisse
362 3079 388 3144 B
406 3101 485 3162 quae
502 3078 594 3142 nobis
610 3083 713 3141 exstat
728 3077 912 3154 recensioni,
936 3098 1098 3159 nunquam
1120 3080 1227 3138 tamen
1244 3073 1371 3151 oblitus,

249 3187 381 3270 eosqui
408 3187 499 3250 nobis
528 3185 643 3249 servati
672 3185 736 3248 sint
765 3185 904 3248 eiusdem
932 3181 1156 3266 recognitionis
1186 3182 1308 3245 codices
1336 3187 1372 3245 ut

247 3293 280 3356 in
308 3294 403 3358 tertia
430 3298 524 3376 atque
553 3293 652 3356 altera
679 3292 725 3355 ita
753 3291 785 3354 in
818 3292 920 3374 prima
948 3271 1082 3374 quoque¹
1103 3289 1246 3353 oratione
1279 3311 1372 3371 saepe

248 3403 279 3463 et
294 3401 435 3484 graviter
450 3399 653 3464 librariorum
670 3403 702 3462 et
717 3397 920 3482 neglegentia
936 3401 967 3460 et
983 3396 1112 3460 licentia
1128 3417 1195 3459 esse
1205 3400 1371 3477 corruptos

248 3510 344 3591 atque
367 3508 564 3590 depravatos.

337 3613 449 3678 Restat
477 3618 513 3678 ut
542 3615 617 3698 quid
646 3614 684 3678 de
712 3612 930 3677 recensionum
954 3610 1078 3694 origine
1105 3609 1238 3673 sentiam
1265 3609 1372 3692 paucis

248 3741 411 3804 exponam.
446 3719 667 3805 Archetypum
685 3720 812 3804 quidem
827 3719 945 3783 librum
962 3739 1034 3780 cunr
1048 3715 1220 3780 Weidnero
1238 3715 1372 3800 (ngl)

247 3827 339 3892 credo
363 3849 478 3912 genere
501 3827 715 3911 propinquum
738 3826 836 3890 fuisse
859 3825 1017 3889 atticianis
1042 3823 1283 3906 exemplaribus.
1322 3823 1371 3886 Ex

246 3933 315 4017 ipso
340 3938 445 3998 autem
462 3934 633 4018 archetypo
657 3933 769 4016 primis
784 3937 820 3996 ut
835 3933 959 3996 videtur
982 3935 1056 4014 post
1072 3929 1144 3995 chr.
1159 3953 1189 3995 n.
1206 3928 1371 4011 saeculis¹)

249 4109 348 4116 ——---
356 4109 435 4115 -.---
442 4107 465 4114 ..-

340 4187 363 4253 1)
382 4183 510 4238 Alteram
532 4181 719 4236 recensionem
743 4180 897 4250 confectam
922 4195 979 4232 esse
1003 4180 1068 4231 ante
1092 4175 1227 4230 Prisciani
1250 4177 1373 4229 aetatem

247 4273 424 4328 confirmatur·
447 4271 566 4326 maxime
590 4271 636 4340 111,
657 4270 690 4323 87
714 4269 763 4323 ubi
786 4268 904 4338 scriptor
927 4267 972 4322 hic
996 4267 1020 4319 A
1043 4283 1129 4335 genus
1153 4269 1263 4320 secutus
1288 4264 1373 4318 verba
